@article{huang2011lobster,
  title={LOBSTER: Limit order book reconstruction system},
  author={Huang, Ruihong and Polak, Tomas},
  year={2011}
}

@misc{schuh2015bitshares,
	title={BitShares 2.0: Financial Smart Contract Platform},
	author={Schuh, Fabian and Larimer, Daniel},
	year={2015},
	publisher={BitShares}
}

@article{sattinger1995search,
	title={Search and the efficient assignment of workers to jobs},
	author={Sattinger, Michael},
	journal={International Economic Review},
	pages={283--302},
	year={1995},
	publisher={JSTOR}
}

@article{serrano1996welfare,
	title={Welfare analysis of a market with pairwise meetings and asymmetric information},
	author={Serrano, Roberto and Yosha, Oved},
	journal={Economic Theory},
	volume={8},
	number={1},
	pages={167--175},
	year={1996},
	publisher={Springer}
}

@article{jackson1998efficiency,
	title={Efficiency and voluntary implementation in markets with repeated pairwise bargaining},
	author={Jackson, Matthew O and Palfrey, Thomas R},
	journal={Econometrica},
	pages={1353--1388},
	year={1998},
	publisher={JSTOR}
}

@article{soska2016beaver,
	title={Beaver: A Decentralized Anonymous Marketplace with Secure Reputation.},
	author={Soska, Kyle and others},
	journal={IACR Cryptology Archive},
	volume={2016},
	pages={464},
	year={2016}
}

@inproceedings{hausheer2005peermart,
	title={Peermart: The technology for a distributed auction-based market for peer-to-peer services},
	author={Hausheer, David and Stiller, Burkhard},
	booktitle={ICC'2005},
	volume={3},
	pages={1583--1587},
	year={2005},
	organization={IEEE}
}

@inproceedings{despotovic2004towards,
	title={Towards peer-to-peer double auctioning},
	author={Despotovic, Zoran and others},
	booktitle={System Sciences, 2004. Proceedings of the 37th Annual Hawaii International Conference on},
	pages={8--pp},
	year={2004},
	organization={IEEE}
}

@inproceedings{ogston2002peer,
	title={A peer-to-peer agent auction},
	author={Ogston, Elth and Vassiliadis, Stamatis},
	booktitle={ACM AAMAS part 1},
	pages={151--159},
	year={2002},
	organization={ACM}
}

@article{fontoura2005decentralized,
	title={Decentralized peer-to-peer auctions},
	author={Fontoura, Marcus and Ionescu, Mihail and Minsky, Naftaly},
	journal={Electronic Commerce Research},
	volume={5},
	number={1},
	pages={7--24},
	year={2005},
	publisher={Springer}
}

@article{lee2015new,
	title={New Kids on the Blockchain: How Bitcoin's Technology Could Reinvent the Stock Market},
	author={Lee, Larissa},
	journal={Hastings Bus. LJ},
	volume={12},
	pages={81},
	year={2015},
	publisher={HeinOnline}
}

@article{malinova2017market,
	title={Market Design with Blockchain Technology},
	author={Malinova, Katya and Park, Andreas},
	year={2017}
}

@article{sikorski2017blockchain,
	title={Blockchain technology in the chemical industry: Machine-to-machine electricity market},
	author={Sikorski, Janusz J and others},
	journal={Applied Energy},
	volume={195},
	pages={234--246},
	year={2017},
	publisher={Elsevier}
}

@online{wavesplatform,
	author = {Waves Platform},
	title = {Waves},
	year = 2018,
	url = {https://wavesplatform.com},
}

@online{ardorplatform,
	author = {Ardor NXT Group},
	title = {Ardor},
	year = 2018,
	url = {https://www.ardorplatform.org},
}

@online{bisq,
	author = {Bisq},
	title = {Bisq - The P2P Exchange Network},
	year = 2018,
	url = {https://bisq.network},
}

@online{openbazaar,
	author = {OB1},
	title = {OpenBazaar},
	year = 2018,
	url = {https://www.openbazaar.org},
}

@online{sqlite,
	author = {SQLite},
	title = {SQLite},
	year = 2018,
	url = {https://sqlite.org/index.html},
}

@online{idex,
	author = {Aurora Labs},
	title = {Aurora: A Decentralized Financial Institution Utilizing Distributed Computing and the Ethereum Network},
	year = 2018,
}

@online{oasisdex,
	author = {OasisDEX},
	title = {OasisDEX},
	year = 2018,
	url = {https://oasisdex.com},
}

@online{centralizedexchanges,
	author = {Mary Ann Callahan},
	title = {Decentralized vs Centralized Bitcoin Exchange, Can they co-exist?},
	year = 2018,
}

@article{loopring,
	title={Loopring: A decentralized token exchange protocol},
	author={Wang, Daniel and others},
	year={2018}
}

@online{coinmarketcap,
	author = {CoinMarketCap},
	title = {CoinMarketCap},
	year = 2018,
	url = {https://coinmarketcap.com},
}

@online{swarmcity,
	author = {Swarm City},
	title = {Swarm City},
	year = 2018,
	url = {https://swarm.city},
}

@misc{warren20170x,
	title={0x: An open protocol for decentralized exchange on the Ethereum blockchain},
	author={Warren, Will and Bandeali, Amir},
	year={2017}
}

@inproceedings{eyal2016bitcoin,
	title={Bitcoin-NG: A Scalable Blockchain Protocol.},
	author={Eyal, Ittay and Gencer, Adem Efe and Sirer, Emin G{\"u}n and Van Renesse, Robbert},
	booktitle={NSDI},
	pages={45--59},
	year={2016}
}

@article{fastnex,
	title={NEX: A High Performance Decentralized Trade and Payment Platform},
	author={Fast, Ethan and Exchange, Neon and Canesin, F{\'a}bio C and Engel, Luciano and Exchange, Eng Neon and Wahle, Fabian and Z{\"u}rich, CH and Saunders, Thomas}
}

@article{benet2014ipfs,
	title={IPFS-content addressed, versioned, P2P file system},
	author={Benet, Juan},
	journal={arXiv preprint arXiv:1407.3561},
	year={2014}
}

@inproceedings{yarom2004decentralized,
	title={Decentralized Marketplaces and Web Services: Challenges and Opportunities},
	author={Yarom, Itai and Topol, Zvi and Rosenschein, Jeffrey S},
	booktitle={Workshop on Agent Mediated Electronic Commerce VI},
	year={2004}
}

@article{nakamoto2008bitcoin,
	title={Bitcoin: A peer-to-peer electronic cash system},
	author={Nakamoto, Satoshi},
	year={2008}
}

@inproceedings{mengelkamp2017trading,
	title={Trading on local energy markets: A comparison of market designs and bidding strategies},
	author={Mengelkamp, Esther and others},
	booktitle={EEM'2017},
	year={2017},
	organization={IEEE}
}

@article{mengelkamp2018blockchain,
	title={A blockchain-based smart grid: towards sustainable local energy markets},
	author={Mengelkamp, Esther and Notheisen, Benedikt and Beer, Carolin and Dauer, David and Weinhardt, Christof},
	journal={Computer Science-Research and Development},
	volume={33},
	number={1-2},
	pages={207--214},
	year={2018},
	publisher={Springer}
}

@article{veit2002multi,
	title={Multi-dimensional matchmaking for electronic markets},
	author={Veit, Daniel J and others},
	journal={Applied Artificial Intelligence},
	volume={16},
	number={9-10},
	pages={853--869},
	year={2002},
	publisher={Taylor \& Francis}
}

@inproceedings{cakir2007investigation,
	title={An Investigation about Process Matchmaking Performances of Unstructured and Decentralized Digital Environments},
	author={Cakir, Bugra and Kilic, Hurevren},
	booktitle={DEST'07.},
	pages={81--87},
	year={2007},
	organization={IEEE}
}

@incollection{bocek2018smart,
	title={Smart Contracts--Blockchains in the Wings},
	author={Bocek, Thomas and Stiller, Burkhard},
	booktitle={Digital Marketplaces Unleashed},
	pages={169--184},
	year={2018},
	publisher={Springer}
}

@article{otte2017trustchain,
	title={TrustChain: A Sybil-resistant scalable blockchain},
	author={Otte, Pim and de Vos, Martijn and Pouwelse, Johan},
	journal={FGCS},
	year={2017},
	publisher={Elsevier}
}

@inproceedings{atzei2017survey,
	title={A survey of attacks on Ethereum smart contracts (SoK)},
	author={Atzei, Nicola and Bartoletti, Massimo and Cimoli, Tiziana},
	booktitle={International Conference on Principles of Security and Trust},
	pages={164--186},
	year={2017},
	organization={Springer}
}

@article{larimer2014delegated,
	title={Delegated proof-of-stake},
	author={Larimer, Daniel},
	journal={Bitshare whitepaper},
	year={2014}
}

@article{back2002hashcash,
	title={Hashcash-a denial of service counter-measure},
	author={Back, Adam and others},
	year={2002}
}

@article{hoffman2009survey,
	title={A survey of attack and defense techniques for reputation systems},
	author={Hoffman, Kevin and Zage, David and Nita-Rotaru, Cristina},
	journal={ACM Computing Surveys (CSUR)},
	volume={42},
	number={1},
	pages={1},
	year={2009},
	publisher={ACM}
}

@article{subramanian2017decentralized,
	title={Decentralized blockchain-based electronic marketplaces},
	author={Subramanian, Hemang},
	journal={Communications of the ACM},
	volume={61},
	number={1},
	pages={78--84},
	year={2017},
	publisher={ACM}
}

@article{bentov2014proof,
	title={Proof of Activity: Extending Bitcoin's Proof of Work via Proof of Stake [Extended Abstract] y},
	author={Bentov, Iddo and others},
	journal={ACM SIGMETRICS Performance Evaluation Review},
	volume={42},
	number={3},
	pages={34--37},
	year={2014},
	publisher={ACM}
}

@article{mirkovic2004internet,
	title={Internet Denial of Service: Attack and Defense Mechanisms (Radia Perlman Computer Networking and Security)},
	author={Mirkovic, Jelena and others},
	year={2004},
	publisher={Prentice Hall PTR}
}

@inproceedings{moore2013beware,
	title={Beware the middleman: Empirical analysis of Bitcoin-exchange risk},
	author={Moore, Tyler and Christin, Nicolas},
	booktitle={FC},
	pages={25--33},
	year={2013},
	organization={Springer}
}

@article{mcmillan2014inside,
	title={The inside story of Mt. Gox, Bitcoins 460 million dollar disaster},
	author={McMillan, Robert},
	journal={Wired. March},
	volume={3},
	year={2014}
}

@inproceedings{gervais2016security,
	title={On the security and performance of proof of work blockchains},
	author={Gervais, Arthur and others},
	booktitle={CCS'16},
	pages={3--16},
	year={2016},
	organization={ACM}
}

@article{zohar2015bitcoin,
	title={Bitcoin: under the hood},
	author={Zohar, Aviv},
	journal={Communications of the ACM},
	volume={58},
	number={9},
	pages={104--113},
	year={2015},
	publisher={ACM}
}

@inproceedings{chen2015peeking,
	title={Peeking beneath the hood of uber},
	author={Chen, Le and others},
	booktitle={IMC 2015},
	pages={495--508},
	year={2015},
	organization={ACM}
}

@article{bal2016medium,
	title={Omitted for double-blind review},
	author={Anonymous Authors},
}

@inproceedings{croman2016scaling,
	title={On scaling decentralized blockchains},
	author={Croman, Kyle and Decker, Christian and Eyal, Ittay and Gencer, Adem Efe and Juels, Ari and Kosba, Ahmed and Miller, Andrew and Saxena, Prateek and Shi, Elaine and Sirer, Emin G{\"u}n and others},
	booktitle={International Conference on Financial Cryptography and Data Security},
	pages={106--125},
	year={2016},
	organization={Springer}
}

@article{popov2016tangle,
	title={The tangle},
	author={Popov, Serguei},
	journal={cit. on},
	pages={131},
	year={2016}
}

@misc{lerner2015dagcoin,
	title={DagCoin: a cryptocurrency without blocks},
	author={Lerner, Sergio Demian},
	year={2015},
	publisher={Tech. Rep., 2015.[Online]. Available: https://bitslog. files. wordpress. com~…}
}

@inproceedings{post2011bazaar,
	title={Bazaar: Strengthening user reputations in online marketplaces},
	author={Post, Ansley and others},
	booktitle={NSDI’11},
	pages={183},
	year={2011}
}

@article{stokkink2018deployment,
	title={Deployment of a Blockchain-Based Self-Sovereign Identity},
	author={Stokkink, Quinten and Pouwelse, Johan},
	journal={arXiv preprint arXiv:1806.01926},
	year={2018}
}

@inproceedings{douceur2002sybil,
	title={The sybil attack},
	author={Douceur, John R},
	booktitle={International workshop on peer-to-peer systems},
	pages={251--260},
	year={2002},
	organization={Springer}
}

@article{haeberlen2007peerreview,
	title={PeerReview: Practical accountability for distributed systems},
	author={Haeberlen, Andreas and others},
	journal={ACM SIGOPS operating systems review},
	volume={41},
	number={6},
	pages={175--188},
	year={2007},
	publisher={ACM}
}

@inproceedings{green2017bolt,
	title={Bolt: Anonymous payment channels for decentralized currencies},
	author={Green, Matthew and Miers, Ian},
	booktitle={ACM SIGSAC},
	pages={473--489},
	year={2017},
	organization={ACM}
}

@article{karame2015misbehavior,
	title={Misbehavior in bitcoin: A study of double-spending and accountability},
	author={Karame, Ghassan O and others},
	journal={ACM TISSEC},
	volume={18},
	number={1},
	pages={2},
	year={2015},
	publisher={ACM}
}

@techreport{pagnia1999impossibility,
	title={On the impossibility of fair exchange without a trusted third party},
	author={Pagnia, Henning and G{\"a}rtner, Felix C},
	year={1999},
	institution={Technical Report TUD-BS-1999-02, Darmstadt University of Technology~…}
}

@article{pouwelse2017laws,
	title={Laws for Creating Trust in the Blockchain Age},
	author={Pouwelse, Johan and others},
	journal={EPLJ},
	volume={6},
	number={3},
	pages={321--356},
	year={2017},
	publisher={De Gruyter}
}

@inproceedings{dziembowski2018fairswap,
	title={FairSwap: How to fairly exchange digital goods},
	author={Dziembowski, Stefan and others},
	booktitle={SIGSAC},
	pages={967--984},
	year={2018},
	organization={ACM}
}

@article{sompolinsky2018phantom,
	title={PHANTOM: A Scalable BlockDAG Protocol.},
	author={Sompolinsky, Yonatan and Zohar, Aviv},
	journal={IACR Cryptology Archive},
	volume={2018},
	pages={104},
	year={2018}
}

@article{chan1998information,
	title={Information dissemination and aggregation in asset markets with simple intelligent traders},
	author={Chan, Nicholas and LeBaron, Blake and Lo, Andrew and Poggio, Tomaso},
	year={1998}
}

@article{zervas2017rise,
	title={The rise of the sharing economy: Estimating the impact of Airbnb on the hotel industry},
	author={Zervas, Georgios and Proserpio, Davide and Byers, John W},
	journal={Journal of marketing research},
	volume={54},
	number={5},
	pages={687--705},
	year={2017},
	publisher={American Marketing Association}
}

@book{veit2003matchmaking,
	title={Matchmaking in electronic markets: An agent-based approach towards matchmaking in electronic negotiations},
	author={Veit, Daniel J},
	volume={2882},
	year={2003},
	publisher={Springer}
}

@inproceedings{sigdel2005centralized,
	title={Centralized Matchmaking-An Empirical Study},
	author={Sigdel, K and others},
	booktitle={ProRISC},
	pages={438--444},
	year={2005},
	organization={Published}
}

@article{ebrahimi2004matchmaking,
	title={Matchmaking within multi-agent systems},
	author={Ebrahimi, B Pour and others},
	journal={ProRisc},
	year={2004}
}

@inproceedings{raman1998matchmaking,
	title={Matchmaking: Distributed resource management for high throughput computing},
	author={Raman, Rajesh and others},
	booktitle={HPDC},
	pages={140--146},
	year={1998},
	organization={IEEE}
}

@inproceedings{shames2012distributed,
	title={Distributed network size estimation and average degree estimation and control in networks isomorphic to directed graphs},
	author={Shames, Iman and Charalambous, Themistoklis and Hadjicostis, Christoforos N and Johansson, Mikael},
	booktitle={2012 50th Annual Allerton Conference on Communication, Control, and Computing (Allerton)},
	pages={1885--1892},
	year={2012},
	organization={IEEE}
}

@article{frey2002condor,
	title={Condor-G: A computation management agent for multi-institutional grids},
	author={Frey, James and others},
	journal={Cluster Computing},
	volume={5},
	number={3},
	pages={237--246},
	year={2002},
	publisher={Springer}
}

@inproceedings{czajkowski1998resource,
	title={A resource management architecture for metacomputing systems},
	author={Czajkowski, Karl and others},
	booktitle={JSSPP},
	pages={62--82},
	year={1998},
	organization={Springer}
}

@inproceedings{sigdel2005framework,
	title={A framework for adaptive matchmaking in distributed computing},
	author={Sigdel, K and others},
	booktitle={GRID},
	volume={224},
	year={2005}
}

@inproceedings{gomoluch2003market,
	title={Market-based Resource Allocation for Grid Computing: A Model and Simulation.},
	author={Gomoluch, Jacek and others},
	booktitle={Middleware},
	pages={211--218},
	year={2003}
}

@inproceedings{mihailescu2010distributed,
	title={A distributed market framework for large-scale resource sharing},
	author={Mihailescu, Marian and Teo, Yong Meng},
	booktitle={European Conference on Parallel Processing},
	pages={418--430},
	year={2010},
	organization={Springer}
}

@inproceedings{azab2008adaptive,
	title={An adaptive decentralized scheduling mechanism for peer-to-peer desktop grids},
	author={Azab, Abdulrahman and others},
	booktitle={ICCES},
	pages={364--371},
	year={2008},
	organization={IEEE}
}

@inproceedings{edinger2016decentralized,
	title={Decentralized scheduling for tasklets},
	author={Edinger, Janick and others},
	booktitle={Middleware},
	pages={7--8},
	year={2016},
	organization={ACM}
}

@inproceedings{abdullah2009hybrid,
	title={Hybrid resource discovery mechanism in ad hoc grid using structured overlay},
	author={Abdullah, Tariq and others},
	booktitle={ARCS},
	pages={108--119},
	year={2009},
	organization={Springer}
}

@inproceedings{Abdullah2010EffectOT,
	title={Effect of the Degree of Neighborhood on Resource Discovery in Ad Hoc Grids},
	author={Tariq Abdullah and others},
	booktitle={ARCS},
	year={2010},
	organization={Springer}
}

@inproceedings{Shafran2008TowardsBD,
	title={Towards bidirectional distributed matchmaking},
	author={Victor Shafran and others},
	booktitle={AAMAS},
	year={2008}
}

@article{Buyya2002EconomicMF,
	title={Economic models for resource management and scheduling in Grid computing},
	author={Rajkumar Buyya and others},
	journal={Concurrency and Computation: Practice and Experience},
	year={2002},
	volume={14},
	pages={1507-1542}
}

@article{Eugster2003TheMF,
	title={The many faces of publish/subscribe},
	author={Patrick Th. Eugster and Pascal Felber and Rachid Guerraoui and Anne-Marie Kermarrec},
	journal={ACM Comput. Surv.},
	year={2003},
	volume={35},
	pages={114-131}
}

@inproceedings{Li2005CompositeSI,
	title={Composite Subscriptions in Content-Based Publish/Subscribe Systems},
	author={Guoli Li and Hans-Arno Jacobsen},
	booktitle={Middleware},
	year={2005}
}

@inproceedings{Banavar1999AnEM,
	title={An Efficient Multicast Protocol for Content-Based Publish-Subscribe Systems},
	author={Guruduth Banavar and others},
	booktitle={ICDCS},
	year={1999}
}

@article{Carzaniga2004ARS,
	title={A routing scheme for content-based networking},
	author={Antonio Carzaniga and Matthew J. Rutherford and Alexander L. Wolf},
	journal={IEEE INFOCOM 2004},
	year={2004},
	volume={2},
	pages={918-928 vol.2}
}

@article{Carzaniga2001DesignAE,
	title={Design and evaluation of a wide-area event notification service},
	author={Antonio Carzaniga and others},
	journal={ACM Trans. Comput. Syst.},
	year={2001},
	volume={19},
	pages={332-383}
}

@inproceedings{Wu2015TheM,
	title={The Matchmaker’s Dilemma},
	author={Yue Wu and others},
	year={2015}
}

@inproceedings{Singh2004DefendingAE,
	title={Defending against eclipse attacks on overlay networks},
	author={Atul Singh and Miguel Castro and Peter Druschel and Antony I. T. Rowstron},
	booktitle={ACM SIGOPS European Workshop},
	year={2004}
}

@inproceedings{Specht2004DistributedDO,
	title={Distributed Denial of Service: Taxonomies of Attacks, Tools, and Countermeasures},
	author={Stephen M. Specht and Ruby B. Lee},
	booktitle={ISCA PDCS},
	year={2004}
}

@article{Luu2016MakingSC,
	title={Making Smart Contracts Smarter},
	author={Loi Luu and others},
	journal={IACR},
	year={2016},
}

@inproceedings{Acharya1998ASO,
	title={A Study of Internet Round-Trip Delay},
	author={Anurag Acharya and Joel H. Saltz},
	year={1998}
}

@online{tlc2017nyc,
	title={Nyc taxi and limousine commission (tlc) trip record data},
	author={TLC, N},
	journal={URL http://www. nyc. gov/html/tlc/html/about/trip\_record\_data. shtml},
	year={2017}
}

@inproceedings{Brito2005DistributedSM,
	title={Distributed Stable Marriage Problem},
	author={Ismel Brito and Pedro Meseguer},
	year={2005}
}

@article{damiani2003managing,
	title={Managing multiple and dependable identities},
	author={Damiani, Ernesto and others},
	journal={Internet Computing},
	volume={7},
	number={6},
	pages={29--37},
	year={2003},
	publisher={IEEE}
}

@inproceedings{pham2017oride,
	title={Oride: A privacy-preserving yet accountable ride-hailing service},
	author={Pham, Anh and others},
	booktitle={USENIX Security},
	pages={1235--1252},
	year={2017}
}

@incollection{ludwig2012matchmaking,
	title={Matchmaking in multi-attribute auctions using a genetic algorithm and a particle swarm approach},
	author={Ludwig, Simone A and others},
	booktitle={New Trends in Agent-Based Complex Automated Negotiations},
	pages={81--98},
	year={2012},
}

@online{swap,
	author = {Oved Michael and Mosites Don},
	title = {Swap: A Peer-to-Peer Protocol for Trading Ethereum Tokens},
	year = 2017,
	url = {https://swap.tech/whitepaper/},
}

@online{ec2019,
	author = {European Comission - Press Release},
	title = {Antitrust: Commission opens investigation into possible anti-competitive conduct of Amazon},
	year = 2019,
}	
	
@inproceedings{mikians2012,
	author = {Mikians, Jakub and others},
	title = {Detecting Price and Search Discrimination on the Internet},
	year = {2012},
	isbn = {9781450317764},
	publisher = {ACM},
	booktitle = {HotNets},
	pages = {79–84},
	numpages = {6},
	keywords = {search, economics, search discrimination, price discrimination, e-commerce, privacy},
	location = {Redmond, Washington},
	series = {HotNets-XI}
}

@inproceedings{chen2015,
	author = {Chen, Le and Mislove, Alan and Wilson, Christo},
	title = {Peeking Beneath the Hood of Uber},
	year = {2015},
	isbn = {9781450338486},
	publisher = {Association for Computing Machinery},
	address = {New York, NY, USA},
	url = {https://doi.org/10.1145/2815675.2815681},
	doi = {10.1145/2815675.2815681},
	booktitle = {Proceedings of the 2015 Internet Measurement Conference},
	pages = {495–508},
	numpages = {14},
	keywords = {surge pricing, sharing economy, uber, algorithm auditing},
	location = {Tokyo, Japan},
	series = {IMC ’15}
}

@inproceedings{hannak2014,
	author = {Hannak, Aniko and others},
	title = {Measuring Price Discrimination and Steering on E-Commerce Web Sites},
	year = {2014},
	booktitle = {ICM},
	pages = {305–318},
	year = {2014}
} 

@article{daian2019,
       author = {{Daian}, Philip and others},
       title = "{Flash Boys 2.0: Frontrunning, Transaction Reordering, and Consensus Instability in Decentralized Exchanges}",
       journal = {arXiv e-prints},
       year = {2019},
       eprint = {1904.05234},
}

@book{oecd2019,
	title={An Introduction to Online Platforms and Their Role in the Digital Transformation},
	author={OECD},
	year={2019},
	pages={216},
	isbn={9789264559547},
	doi={https://doi.org/10.1787/53e5f593-en},
	url={https://www.oecd-ilibrary.org/science-and-technology/an-introduction-to-online-platforms-and-their-role-in-the-digital-transformation_53e5f593-en}
}

@article{pepper2019,
	author = {Pepper D. Culpepper and Kathleen Thelen},
	title ={Are We All Amazon Primed? Consumers and the Politics of Platform Power},
	journal = {Comparative Political Studies},	
	volume = {53},
	number = {2},
	pages = {288-318},
	year = {2020},
}

@inproceedings{trastour2002,
	author = {Trastour, David and others},
	title = {Semantic Web Support for the Business-to-Business e-Commerce Lifecycle},
	year = {2002},
	isbn = {1581134495},
	publisher = {ACM},
	booktitle = {WWW},
	pages = {89–98},
	numpages = {10},
}

@article {azevedo2016,
	author = {Azevedo, Eduardo M. and Weyl, E. Glen},
	title = {Matching markets in the digital age},
	volume = {352},
	number = {6289},
	pages = {1056--1057},
	year = {2016},
	publisher = {American Association for the Advancement of Science},
	issn = {0036-8075},
	journal = {Science}
}

@inproceedings{mavroudis2019libra,
	title={Libra: Fair order-matching for electronic financial exchanges},
	author={Mavroudis, Vasilios and Melton, Hayden},
	booktitle={AFT},
	pages={156--168},
	year={2019}
}

@inproceedings{chawathe2003making,
	title={Making gnutella-like p2p systems scalable},
	author={Chawathe, Yatin and others},
	booktitle={SIGCOMM},
	pages={407--418},
	year={2003}
}

@article{zhu2016network,
	title={Network latency estimation for personal devices: A matrix completion approach},
	author={Zhu and others},
	journal={Trans. on Networking},
	volume={25},
	pages={724--737},
	year={2016},
	publisher={IEEE}
}

@article{eskandari2019,
	author    = {Shayan Eskandari and others},
	title     = {SoK: Transparent Dishonesty: front-running attacks on Blockchain},
	journal   = {CoRR},
	volume    = {abs/1902.05164},
	year      = {2019},
}

@article{kolluri2018,
	author    = {Aashish Kolluri and others},
	title     = {Exploiting The Laws of Order in Smart Contracts},
	journal   = {CoRR},
  	volume    = {abs/1810.11605},
  	year      = {2018},
}

@article{judmayer2019,
	title={Pay-To-Win: Incentive Attacks on Proof-of-Work Cryptocurrencies},
	author={Aljosha Judmayer and others}, 
	journal={IACR},
  	year={2019},
  	volume={2019},
  	pages={775}
}

@article{talmon2020,
	author = {Joseph Smith Talmon},
	title = {The Coronavirus Exposes Amazon’s Algorithmic Greed},
	journal={The New Republic},
	year = {2020},
}

@techreport{nakamoto2019bitcoin,
	title={Bitcoin: A peer-to-peer electronic cash system},
	author={Nakamoto, Satoshi},
	year={2019},
	institution={Manubot}
}

@article{wood2014ethereum,
	title={Ethereum: A secure decentralised generalised transaction ledger},
	author={Wood, Gavin and others},
	journal={Ethereum project yellow paper},
	volume={151},
	number={2014},
	pages={1--32},
	year={2014}
}

@inproceedings{vukolic2015quest,
	title={The quest for scalable blockchain fabric: Proof-of-work vs. BFT replication},
	author={Vukoli{\'c}, Marko},
	booktitle={International workshop on open problems in network security},
	pages={112--125},
	year={2015},
	organization={Springer}
}
