@article{huang2011lobster,
  title={LOBSTER: Limit order book reconstruction system},
  author={Huang, Ruihong and Polak, Tomas},
  journal={Available at SSRN 1977207},
  year={2011}
}

@article{otte2017trustchain,
	title = "TrustChain: A Sybil-resistant scalable blockchain",
	journal = "Future Generation Computer Systems",
	year = "2017",
	issn = "0167-739X",
	doi = "https://doi.org/10.1016/j.future.2017.08.048",
	author = "Pim Otte and Martijn de Vos and Johan Pouwelse"
}

@article{damiani2003managing,
	title={Managing and sharing servants' reputations in P2P systems},
	author={Damiani, Ernesto and Di Vimercati, S De Capitani and Paraboschi, Stefano and Samarati, Pierangela},
	journal={IEEE Transactions on Knowledge and Data Engineering},
	volume={15},
	number={4},
	pages={840--854},
	year={2003},
	publisher={IEEE}
}

@article{wang2018privacy,
	title={A privacy-preserving and accountable authentication protocol for IoT end-devices with weaker identity},
	author={Wang, Zhiwei},
	journal={Future Generation Computer Systems},
	volume={82},
	pages={342--348},
	year={2018},
	publisher={Elsevier}
}

@inproceedings{Specht2004DistributedDO,
  author    = {Stephen M. Specht and
               Ruby B. Lee},
  title     = {Distributed Denial of Service: Taxonomies of Attacks, Tools, and Countermeasures},
  booktitle = {Proceedings of the {ISCA} 17th International Conference on Parallel
               and Distributed Computing Systems, September 15-17, 2004, The Canterbury
               Hotel, San Francisco, California, {USA}},
  pages     = {543--550},
  year      = {2004},
  biburl    = {https://dblp.org/rec/bib/conf/ISCApdcs/SpechtL04},
  bibsource = {dblp computer science bibliography, https://dblp.org}
}

@misc{schuh2015bitshares,
  title={BitShares 2.0: Financial Smart Contract Platform},
  author={Schuh, Fabian and Larimer, Daniel},
  journal={Accessed: Jan},
  volume={15},
  pages={2017},
  year={2015}
}

@article{sattinger1995search,
  title={Search and the efficient assignment of workers to jobs},
  author={Sattinger, Michael},
  journal={International Economic Review},
  pages={283--302},
  year={1995},
  publisher={JSTOR}
}

@article{serrano1996welfare,
	title={Welfare analysis of a market with pairwise meetings and asymmetric information},
	author={Serrano, Roberto and Yosha, Oved},
	journal={Economic Theory},
	volume={8},
	number={1},
	pages={167--175},
	year={1996},
	publisher={Springer}
}

@article{jackson1998efficiency,
	title={Efficiency and voluntary implementation in markets with repeated pairwise bargaining},
	author={Jackson, Matthew O and Palfrey, Thomas R},
	journal={Econometrica},
	pages={1353--1388},
	year={1998},
	publisher={JSTOR}
}

@article{soska2016beaver,
	title={Beaver: A Decentralized Anonymous Marketplace with Secure Reputation.},
	author={Soska, Kyle and others},
	journal={IACR Cryptology Archive},
	volume={2016},
	pages={464},
	year={2016}
}

@inproceedings{hausheer2005peermart,
	title={Peermart: The technology for a distributed auction-based market for peer-to-peer services},
	author={Hausheer, David and Stiller, Burkhard},
	booktitle={ICC'2005},
	volume={3},
	pages={1583--1587},
	year={2005},
	organization={IEEE}
}

@inproceedings{despotovic2004towards,
	title={Towards peer-to-peer double auctioning},
	author={Despotovic, Zoran and others},
	booktitle={System Sciences, 2004. Proceedings of the 37th Annual Hawaii International Conference on},
	pages={8--pp},
	year={2004},
	organization={IEEE}
}

@inproceedings{ogston2002peer,
	title={A peer-to-peer agent auction},
	author={Ogston, Elth and Vassiliadis, Stamatis},
	booktitle={ACM AAMAS part 1},
	pages={151--159},
	year={2002},
	organization={ACM}
}

@article{fontoura2005decentralized,
	title={Decentralized peer-to-peer auctions},
	author={Fontoura, Marcus and Ionescu, Mihail and Minsky, Naftaly},
	journal={Electronic Commerce Research},
	volume={5},
	number={1},
	pages={7--24},
	year={2005},
	publisher={Springer}
}

@article{lee2015new,
	title={New Kids on the Blockchain: How Bitcoin's Technology Could Reinvent the Stock Market},
	author={Lee, Larissa},
	journal={Hastings Bus. LJ},
	volume={12},
	pages={81},
	year={2015},
	publisher={HeinOnline}
}

@article{malinova2017market,
  title={Market design with blockchain technology},
  author={Malinova, Katya and Park, Andreas},
  journal={Available at SSRN 2785626},
  year={2017}
}

@article{sikorski2017blockchain,
  title={Blockchain technology in the chemical industry: Machine-to-machine electricity market},
  author={Sikorski, Janusz J and Haughton, Joy and Kraft, Markus},
  journal={Applied Energy},
  volume={195},
  pages={234--246},
  year={2017},
  publisher={Elsevier}
}

@online{wavesplatform,
	author = {Waves Platform},
	title = {Waves},
	year = 2018,
	url = {https://wavesplatform.com},
}

@online{ardorplatform,
	author = {Ardor NXT Group},
	title = {Ardor},
	year = 2018,
	url = {https://www.ardorplatform.org},
}

@online{bisq,
	author = {Bisq},
	title = {Bisq - The P2P Exchange Network},
	year = 2018,
	url = {https://bisq.network},
}

@online{openbazaar,
	author = {OB1},
	title = {OpenBazaar},
	year = 2018,
	url = {https://www.openbazaar.org},
}

@online{sqlite,
	author = {SQLite},
	title = {SQLite},
	year = 2018,
	url = {https://sqlite.org/index.html},
}

@online{idex,
	author = {Aurora Labs},
	title = {Aurora: A Decentralized Financial Institution Utilizing Distributed Computing and the Ethereum Network},
	year = 2018,
	url = {https://auroradao.com/whitepaper/},
}

@online{oasisdex,
	author = {OasisDEX},
	title = {OasisDEX},
	year = 2018,
	url = {https://oasisdex.com},
}

@misc{centralizedexchanges,
	author = {Callahan, Mary Ann},
	title = {Decentralized vs Centralized Bitcoin Exchange, Can they co-exist?},
	date = {2018},
	url = {https://hackernoon.com/decentralized-vs-centralized-bitcoin-exchange-can-they-co-exist-627267c05987},
}


@online{loopring,
	author = {Loopring Foundation},
	title = {Loopring},
	year = 2018,
	url = {https://loopring.org/en/index.html}
}

@online{coinmarketcap,
	author = {CoinMarketCap},
	title = {CoinMarketCap},
	year = 2018,
	url = {https://coinmarketcap.com},
}

@online{swarmcity,
	author = {Swarm City},
	title = {Swarm City},
	year = 2018,
	url = {https://swarm.city},
}

@misc{warren20170x,
	title={0x: An open protocol for decentralized exchange on the Ethereum blockchain},
	author={Warren, Will and Bandeali, Amir},
	year={2017}
}

@inproceedings{eyal2016bitcoin,
  title={Bitcoin-ng: A scalable blockchain protocol},
  author={Eyal, Ittay and Gencer, Adem Efe and Sirer, Emin G{\"u}n and Van Renesse, Robbert},
  booktitle={13th $\{$USENIX$\}$ Symposium on Networked Systems Design and Implementation ($\{$NSDI$\}$ 16)},
  pages={45--59},
  year={2016}
}

@article{fastnex,
	title={NEX: A High Performance Decentralized Trade and Payment Platform},
	author={Fast, Ethan and Exchange, Neon and Canesin, F{\'a}bio C and Engel, Luciano and Exchange, Eng Neon and Wahle, Fabian and Z{\"u}rich, CH and Saunders, Thomas}
}

@article{benet2014ipfs,
	title={IPFS-content addressed, versioned, P2P file system},
	author={Benet, Juan},
	journal={arXiv preprint arXiv:1407.3561},
	year={2014}
}

@inproceedings{yarom2004decentralized,
	title={Decentralized Marketplaces and Web Services: Challenges and Opportunities},
	author={Yarom, Itai and Topol, Zvi and Rosenschein, Jeffrey S},
	booktitle={Workshop on Agent Mediated Electronic Commerce VI},
	year={2004}
}

@misc{nakamoto2008bitcoin,
  author = {Nakamoto, Satoshi},
  title = {Bitcoin: A peer-to-peer electronic cash system},
  url = {http://www.bitcoin.org/bitcoin.pdf},
  year = 2009
}

@inproceedings{mengelkamp2017trading,
  title={Trading on local energy markets: A comparison of market designs and bidding strategies},
  author={Mengelkamp, Esther and Staudt, Philipp and Garttner, Johannes and Weinhardt, Christof},
  booktitle={2017 14th International Conference on the European Energy Market (EEM)},
  pages={1--6},
  year={2017},
  organization={IEEE}
}

@article{mengelkamp2018blockchain,
	title={A blockchain-based smart grid: towards sustainable local energy markets},
	author={Mengelkamp, Esther and Notheisen, Benedikt and Beer, Carolin and Dauer, David and Weinhardt, Christof},
	journal={Computer Science-Research and Development},
	volume={33},
	number={1-2},
	pages={207--214},
	year={2018},
	publisher={Springer}
}

@article{veit2002multi,
	title={Multi-dimensional matchmaking for electronic markets},
	author={Veit, Daniel J and Weinhardt, Christof and M{\"u}ller, J{\"o}rg P},
	journal={Applied Artificial Intelligence},
	volume={16},
	number={9-10},
	pages={853--869},
	year={2002},
	publisher={Taylor \& Francis}
}

@inproceedings{cakir2007investigation,
	title={An Investigation about Process Matchmaking Performances of Unstructured and Decentralized Digital Environments},
	author={Cakir, Bugra and Kilic, Hurevren},
	booktitle={DEST'07.},
	pages={81--87},
	year={2007},
	organization={IEEE}
}

@incollection{bocek2018smart,
	title={Smart Contracts--Blockchains in the Wings},
	author={Bocek, Thomas and Stiller, Burkhard},
	booktitle={Digital Marketplaces Unleashed},
	pages={169--184},
	year={2018},
	publisher={Springer}
}

@inproceedings{atzei2017survey,
	title={A survey of attacks on Ethereum smart contracts (SoK)},
	author={Atzei, Nicola and Bartoletti, Massimo and Cimoli, Tiziana},
	booktitle={International Conference on Principles of Security and Trust},
	pages={164--186},
	year={2017},
	organization={Springer}
}

@article{larimer2014delegated,
	title={Delegated proof-of-stake},
	author={Larimer, Daniel},
	journal={Bitshare whitepaper},
	year={2014}
}

@article{back2002hashcash,
	title={Hashcash-a denial of service counter-measure},
	author={Back, Adam and others},
	year={2002}
}

@article{hoffman2009survey,
	title={A survey of attack and defense techniques for reputation systems},
	author={Hoffman, Kevin and Zage, David and Nita-Rotaru, Cristina},
	journal={ACM Computing Surveys (CSUR)},
	volume={42},
	number={1},
	pages={1},
	year={2009},
	publisher={ACM}
}

@article{subramanian2017decentralized,
	title={Decentralized blockchain-based electronic marketplaces},
	author={Subramanian, Hemang},
	journal={Communications of the ACM},
	volume={61},
	number={1},
	pages={78--84},
	year={2017},
	publisher={ACM}
}

@article{bentov2014proof,
	title={Proof of Activity: Extending Bitcoin's Proof of Work via Proof of Stake [Extended Abstract] y},
	author={Bentov, Iddo and others},
	journal={ACM SIGMETRICS Performance Evaluation Review},
	volume={42},
	number={3},
	pages={34--37},
	year={2014},
	publisher={ACM}
}

@inproceedings{vukolic2015quest,
	title={The quest for scalable blockchain fabric: Proof-of-work vs. BFT replication},
	author={Vukoli{\'c}, Marko},
	booktitle={International Workshop on Open Problems in Network Security},
	pages={112--125},
	year={2015},
	organization={Springer}
}

@book{mirkovic2004internet,
 author = {Mirkovic, Jelena and Dietrich, Sven and Dittrich, David and Reiher, Peter},
 title = {Internet Denial of Service: Attack and Defense Mechanisms (Radia Perlman Computer Networking and Security)},
 year = {2004},
 isbn = {0131475738},
 publisher = {Prentice Hall PTR},
 address = {Upper Saddle River, NJ, USA},
} 


@inproceedings{moore2013beware,
	title={Beware the middleman: Empirical analysis of Bitcoin-exchange risk},
	author={Moore, Tyler and Christin, Nicolas},
	booktitle={FC},
	pages={25--33},
	year={2013},
	organization={Springer}
}

@article{mcmillan2014inside,
	title={The inside story of Mt. Gox, Bitcoins 460 million dollar disaster},
	author={McMillan, Robert},
	journal={Wired. March},
	volume={3},
	year={2014}
}

@inproceedings{gervais2016security,
	title={On the security and performance of proof of work blockchains},
	author={Gervais, Arthur and others},
	booktitle={CCS'16},
	pages={3--16},
	year={2016},
	organization={ACM}
}

@article{zohar2015bitcoin,
	title={Bitcoin: under the hood},
	author={Zohar, Aviv},
	journal={Communications of the ACM},
	volume={58},
	number={9},
	pages={104--113},
	year={2015},
	publisher={ACM}
}

@inproceedings{chen2015peeking,
	title={Peeking beneath the hood of uber},
	author={Chen, Le and others},
	booktitle={IMC 2015},
	pages={495--508},
	year={2015},
	organization={ACM}
}

@article{bal2016medium,
	title={Omitted for double-blind review},
	author={Anonymous Authors},
}

@inproceedings{croman2016scaling,
	title={On scaling decentralized blockchains},
	author={Croman, Kyle and Decker, Christian and Eyal, Ittay and Gencer, Adem Efe and Juels, Ari and Kosba, Ahmed and Miller, Andrew and Saxena, Prateek and Shi, Elaine and Sirer, Emin G{\"u}n and others},
	booktitle={International Conference on Financial Cryptography and Data Security},
	pages={106--125},
	year={2016},
	organization={Springer}
}

@misc{popov2016tangle,
	title={The tangle},
	author={Popov, Serguei},
	pages={131},
	year={2016},
	url={http://www.descryptions.com/Iota.pdf}
}

@misc{lerner2015dagcoin,
	title={DagCoin: a cryptocurrency without blocks},
	author={Lerner, Sergio Demian},
	year={2015},
	url={https://bitslog. files. wordpress. com}
}

@inproceedings{post2011bazaar,
	title={Bazaar: Strengthening user reputations in online marketplaces},
	author={Post, Ansley and others},
	booktitle={NSDI’11},
	pages={183},
	year={2011}
}

@article{stokkink2018deployment,
	title={Deployment of a Blockchain-Based Self-Sovereign Identity},
	author={Stokkink, Quinten and Pouwelse, Johan},
	journal={arXiv preprint arXiv:1806.01926},
	year={2018}
}

@inproceedings{douceur2002sybil,
	title={The sybil attack},
	author={Douceur, John R},
	booktitle={International workshop on peer-to-peer systems},
	pages={251--260},
	year={2002},
	organization={Springer}
}

@article{haeberlen2007peerreview,
	title={PeerReview: Practical accountability for distributed systems},
	author={Haeberlen, Andreas and others},
	journal={ACM SIGOPS operating systems review},
	volume={41},
	number={6},
	pages={175--188},
	year={2007},
	publisher={ACM}
}

@inproceedings{green2017bolt,
	title={Bolt: Anonymous payment channels for decentralized currencies},
	author={Green, Matthew and Miers, Ian},
	booktitle={ACM SIGSAC},
	pages={473--489},
	year={2017},
	organization={ACM}
}

@article{karame2015misbehavior,
	title={Misbehavior in bitcoin: A study of double-spending and accountability},
	author={Karame, Ghassan O and others},
	journal={ACM TISSEC},
	volume={18},
	number={1},
	pages={2},
	year={2015},
	publisher={ACM}
}

@techreport{pagnia1999impossibility,
	title={On the impossibility of fair exchange without a trusted third party},
	author={Pagnia, Henning and G{\"a}rtner, Felix C},
	year={1999},
	institution={Technical Report TUD-BS-1999-02, Darmstadt University of Technology~…}
}

@article{pouwelse2017laws,
  title={Laws for creating trust in the blockchain age},
  author={Pouwelse, Johan and de Kok, Andr{\'e} and Fleuren, Joost and Hoogendoorn, Peter and Vliegendhart, Raynor and de Vos, Martijn},
  journal={European Property Law Journal},
  volume={6},
  number={3},
  pages={321--356},
  year={2017},
  publisher={De Gruyter}
}

@inproceedings{dziembowski2018fairswap,
	title={FairSwap: How to fairly exchange digital goods},
	author={Dziembowski, Stefan and others},
	booktitle={SIGSAC},
	pages={967--984},
	year={2018},
	organization={ACM}
}

@article{sompolinsky2018phantom,
	title={PHANTOM: A Scalable BlockDAG Protocol.},
	author={Sompolinsky, Yonatan and Zohar, Aviv},
	journal={IACR Cryptology Archive},
	volume={2018},
	pages={104},
	year={2018}
}

@article{lund2014worldwide,
	title={Worldwide and regional internet of things (iot) 2014--2020 forecast: A virtuous circle of proven value and demand},
	author={Lund, Denise and MacGillivray, Carrie and Turner, Vernon and Morales, Mario},
	journal={International Data Corporation (IDC), Tech. Rep},
	volume={1},
	year={2014}
}

@article{makhdoom2018blockchain,
	title={Blockchain's adoption in IoT: The challenges, and a way forward},
	author={Makhdoom, Imran and Abolhasan, Mehran and Abbas, Haider and Ni, Wei},
	journal={Journal of Network and Computer Applications},
	year={2018},
	publisher={Elsevier}
}

@inproceedings{singh2006eclipse,
  title={Eclipse attacks on overlay networks: Threats and defenses},
  author={Singh, Atul and others},
  booktitle={In IEEE INFOCOM},
  year={2006},
  organization={Citeseer}
}

@article{atzori2017understanding,
	title={Understanding the Internet of Things: definition, potentials, and societal role of a fast evolving paradigm},
	author={Atzori, Luigi and Iera, Antonio and Morabito, Giacomo},
	journal={Ad Hoc Networks},
	volume={56},
	pages={122--140},
	year={2017},
	publisher={Elsevier}
}

@misc{TokenizationOP,
	author = {Weingartner, Tim},
	title = {Tokenization of physical assets and the impact of IoT and AI},
	type = {Report},
	institution = {The European Union Blockchain Observatory and Forum},
	date = {2019},
	year = {2019}
}

@inproceedings{herlihy2018atomic,
	title={Atomic cross-chain swaps},
	author={Herlihy, Maurice},
	booktitle={Proceedings of the 2018 ACM Symposium on Principles of Distributed Computing},
	pages={245--254},
	year={2018},
	organization={ACM}
}

@article{wang2018loopring,
	title={Loopring: A decentralized token exchange protocol},
	author={Wang, Daniel and Zhou, Jay and Wang, Alex and Finestone, Matthew},
	journal={URL https://github. com/Loopring/whitepaper/blob/master/en\_whitepaper. pdf},
	year={2018}
}

@incollection{peters2016understanding,
  title={Understanding modern banking ledgers through blockchain technologies: Future of transaction processing and smart contracts on the internet of money},
  author={Peters, Gareth W and Panayi, Efstathios},
  booktitle={Banking beyond banks and money},
  pages={239--278},
  year={2016},
  publisher={Springer}
}

@article{christidis2016blockchains,
  title={Blockchains and smart contracts for the internet of things},
  author={Christidis, Konstantinos and Devetsikiotis, Michael},
  journal={Ieee Access},
  volume={4},
  pages={2292--2303},
  year={2016},
  publisher={Ieee}
}

@article{reyna2018blockchain,
  title={On blockchain and its integration with IoT. Challenges and opportunities},
  author={Reyna, Ana and Mart{\'\i}n, Cristian and Chen, Jaime and Soler, Enrique and D{\'\i}az, Manuel},
  journal={Future Generation Computer Systems},
  volume={88},
  pages={173--190},
  year={2018},
  publisher={Elsevier}
}

@article{Guerraoui2019AT2,
  author    = {Rachid Guerraoui and
               Petr Kuznetsov and
               Matteo Monti and
               Matej Pavlovic and
               Dragos{-}Adrian Seredinschi},
  title     = {{AT2:} Asynchronous Trustworthy Transfers},
  journal   = {CoRR},
  volume    = {abs/1812.10844},
  year      = {2018},
  url       = {http://arxiv.org/abs/1812.10844},
  archivePrefix = {arXiv},
  eprint    = {1812.10844},
  timestamp = {Wed, 02 Jan 2019 14:40:18 +0100},
  biburl    = {https://dblp.org/rec/bib/journals/corr/abs-1812-10844},
  bibsource = {dblp computer science bibliography, https://dblp.org}
}

@article{serban2008concept,
  title={The concept of decentralized and secure electronic marketplace},
  author={Serban, Constantin and Chen, Yingying and Zhang, Wenxuan and Minsky, Naftaly},
  journal={Electronic Commerce Research},
  volume={8},
  number={1-2},
  pages={79--101},
  year={2008},
  publisher={Springer}
}

@inproceedings{klems2017trustless,
  title={Trustless intermediation in blockchain-based decentralized service marketplaces},
  author={Klems, Markus and Eberhardt, Jacob and Tai, Stefan and H{\"a}rtlein, Steffen and Buchholz, Simon and Tidjani, Ahmed},
  booktitle={International Conference on Service-Oriented Computing},
  pages={731--739},
  year={2017},
  organization={Springer}
}

@article{nem2018nem,
  title={Nem technical reference},
  author={NEM, T},
  journal={URL https://nem. io/wpcontent/themes/nem/files/NEM\_techRef. pdf},
  year={2018}
}

@article{hung2017leading,
  title={Leading the iot - Gartner Insights on How to Lead in a Connected World},
  author={Hung, Mark},
  year={2017}
}

@inproceedings{han2019optionality,
  title={On the optionality and fairness of Atomic Swaps},
  author={Han, Runchao and Lin, Haoyu and Yu, Jiangshan},
  booktitle={Proceedings of the 1st ACM Conference on Advances in Financial Technologies},
  pages={62--75},
  year={2019},
  organization={ACM}
}

@article{chohan2018problems,
  title={The Problems of Cryptocurrency Thefts and Exchange Shutdowns},
  author={Chohan, Usman W},
  journal={Available at SSRN 3131702},
  year={2018}
}

@article{bowe2018hashed,
  title={Hashed time-locked contract transactions},
  author={Bowe, Sean and Hopwood, Daira},
  journal={Bitcoin Improvement Proposal, https://github. com/bitcoin/bips/blob/master/bip-0199. mediawiki},
  year={2018}
}

@techreport{pagnia1999impossibility,
  title={On the impossibility of fair exchange without a trusted third party},
  author={Pagnia, Henning},
  year={1999}
}

@misc{airswap,
	title={Swap: A Peer-to-Peer for Trading Ethereum Tokens},
	author={Oved, Michael and Mosites, Don},
	year={2017}
}