@manual{ngdata2014consumer,
	title  = "NGDATA 2014 Consumer Banking Survey",
	author = "NGDATA n",
	url    = "http://www.ngdata.com/wp-content/uploads/NGDATA-2014-consumer-banking-survey-brief.pdf",
	year   = "2014 (accessed November 20, 2017)"
}

@article{bal2016medium,
	title={A medium-scale distributed system for computer science research: Infrastructure for the long term},
	author={Bal, Henri and others},
	journal={Computer},
	volume={49},
	number={5},
	pages={54--63},
	year={2016},
	publisher={IEEE}
}

@UNPUBLISHED{doe2015vulnerability,
	title={A Vulnerability Analyis of Smartphone Banking Applications},
	author={Doe, John and Pouwelse, Johan},
	note={Unpublished research},
	year={2015},
}

@UNPUBLISHED{awesome2015vulnerability,
	title={A Vulnerability Analysis of Mobile Banking Applications},
	author={Awesome, J.P. and Pouwelse, Johan},
	note={Unpublished research},
	year={2015},
}

@misc{nakamoto2008bitcoin,
	title={Bitcoin: A peer-to-peer electronic cash system},
	author={Nakamoto, Satoshi},
	year={2008}
}

@article{mcmillan2014inside,
	title={The inside story of Mt. Gox, Bitcoins 460 million disaster},
	author={McMillan, Robert},
	journal={Wired. March},
	volume={3},
	year={2014}
}

@article{yan2008trust,
	title={Trust modeling and management: from social trust to digital trust},
	author={Yan, Zheng and Holtmanns, Silke},
	journal={IGI Global},
	pages={290--323},
	year={2008}
}

@article{kreps1982rational,
	title={Rational cooperation in the finitely repeated prisoners' dilemma},
	author={Kreps, David M and others},
	journal={Journal of Economic theory},
	volume={27},
	number={2},
	pages={245--252},
	year={1982},
	publisher={Elsevier}
}

@article{koops2014trouble,
	title={The trouble with European data protection law},
	author={Koops, Bert-Jaap},
	journal={International Data Privacy Law},
	volume={4},
	number={4},
	pages={250--261},
	year={2014},
	publisher={Oxford University Press}
}

  @article{resnick2002trust,
	title={Trust among strangers in internet transactions: Empirical analysis of ebay’s reputation system},
	author={Resnick, Paul and others},
	journal={The Economics of the Internet and E-commerce},
	volume={11},
	number={2},
	pages={23--25},
	year={2002}
}

@inproceedings{delaviz2012sybilres,
	title={SybilRes: A Sybil-resilient flow-based decentralized reputation mechanism},
	author={Delaviz, Rahim and others},
	booktitle={ICDCS, 2012},
	pages={203--213},
	year={2012},
	organization={IEEE}
}

@inproceedings{kamvar2003eigentrust,
	title={The eigentrust algorithm for reputation management in p2p networks},
	author={Kamvar, Sepandar D and others},
	booktitle={WWW},
	pages={640--651},
	year={2003},
	organization={ACM}
}

@inproceedings{srivatsa2005trustguard,
	title={TrustGuard: countering vulnerabilities in reputation management for decentralized overlay networks},
	author={Srivatsa, Mudhakar and others},
	booktitle={Proceedings of WWW'05},
	pages={422--431},
	year={2005},
	organization={ACM}
}

@inproceedings{douceur2002sybil,
	title={The sybil attack},
	author={Douceur, John R},
	booktitle={International Workshop on Peer-to-Peer Systems},
	pages={251--260},
	year={2002},
	organization={Springer}
}

@manual{swift,
	title  = "SWIFT payment system",
	url    = "https://www.swift.com",
}

@manual{mckinsey2016payments,
	title  = "Global Payments 2016",
	author = "McKinsey",
	year   = "2016 (accessed November 27, 2017)"
}

@article{uber2017hack,
	title  = "The Uber data breach has implications for us all",
	url    = "https://www.ft.com/content/e2bf6caa-d2cb-11e7-a303-9060cb1e5f44",
}

@book{kokkola2011payment,
	title={The payment system: Payments, securities and derivatives, and the role of the Eurosystem},
	author={Kokkola, Tom},
	year={2011},
	publisher={European Central Bank}
}

@article{otte2017trustchain,
	title={TrustChain: A Sybil-resistant scalable blockchain},
	author={Otte, Pim and others},
	journal={Future Generation Computer Systems},
	year={2017},
	publisher={Elsevier}
}

@techreport{page1999pagerank,
	title={The PageRank citation ranking: Bringing order to the web.},
	author={Page, Lawrence and others},
	year={1999},
	institution={Stanford InfoLab}
}

@inproceedings{post2011bazaar,
	title={Bazaar: Strengthening user reputations in online marketplaces},
	author={Post, Ansley and others},
	booktitle={Proceedings of NSDI’11},
	pages={183},
	year={2011}
}

@article{cortet2016psd2,
	title={PSD2: The digital transformation accelerator for banks},
	author={Cortet, Mounaim and others},
	journal={Journal of Payments Strategy \& Systems},
	volume={10},
	number={1},
	pages={13--27},
	year={2016},
	publisher={Henry Stewart Publications}
}

@article{poon2015bitcoin,
	title={The bitcoin lightning network: Scalable off-chain instant payments. 2016},
	author={Poon, Joseph and Dryja, Thaddeus},
	year={2015}
}

@article{schwartz2014ripple,
	title={The Ripple protocol consensus algorithm},
	author={Schwartz, David and others},
	journal={Ripple Labs Inc White Paper},
	volume={5},
	year={2014}
}

@article{brown2016introducing,
	title={Introducing R3 Corda: A Distributed Ledger for Financial Services},
	author={Brown, Richard G},
	journal={R3, April},
	volume={5},
	year={2016}
}

@book{jost2003hawala,
	title={The hawala alternative remittance system and its role in money laundering},
	author={Jost, Patrick M and Sandhu, Harjit Singh},
	year={2003},
	publisher={Interpol}
}

@article{pouwelse2017laws,
	title={Laws for Creating Trust in the Blockchain Age},
	author={Pouwelse, Johan and others},
	year={2017},
	journal={European Property Law Journal},
	publisher={De Gruyter},
}

@article{zeilemaker2013dispersy,
	title={Dispersy bundle synchronization},
	author={Zeilemaker, Niels and Schoon, Boudewijn and Pouwelse, Johan},
	journal={TU Delft, Parallel and Distributed Systems},
	year={2013}
}

@inproceedings{vukolic2015quest,
	title={The quest for scalable blockchain fabric: Proof-of-work vs. BFT replication},
	author={Vukoli{\'c}, Marko},
	booktitle={International Workshop on Open Problems in Network Security},
	pages={112--125},
	year={2015},
	organization={Springer}
}

@article{roos2017settling,
	title={Settling Payments Fast and Private: Efficient Decentralized Routing for Path-Based Transactions},
	author={Roos, Stefanie and Moreno-Sanchez, Pedro and Kate, Aniket and Goldberg, Ian},
	journal={arXiv preprint arXiv:1709.05748},
	year={2017}
}

@inproceedings{khalil2017revive,
  title={Revive: Rebalancing off-blockchain payment networks},
  author={Khalil, Rami and Gervais, Arthur},
  booktitle={Proceedings of the 2017 ACM SIGSAC Conference on Computer and Communications Security},
  pages={439--453},
  year={2017}
}
