@article{subramanian2017decentralized,
	title={Decentralized blockchain-based electronic marketplaces},
	author={Subramanian, Hemang},
	journal={Communications of the ACM},
	volume={61},
	number={1},
	pages={78--84},
	year={2017},
	publisher={ACM New York, NY, USA}
}

@article{bakos1998emerging,
	title={The emerging role of electronic marketplaces on the Internet},
	author={Bakos, Yannis},
	journal={Communications of the ACM},
	volume={41},
	number={8},
	pages={35--42},
	year={1998},
	publisher={ACM New York, NY, USA}
}

@article{schor2016debating,
	title={Debating the sharing economy},
	author={Schor, Juliet},
	journal={Journal of Self-Governance and Management Economics},
	volume={4},
	number={3},
	pages={7--22},
	year={2016},
	publisher={Addleton Academic Publishers}
}

@inproceedings{clark1999electronic,
	title={Electronic intermediaries: Trust building and market differentiation},
	author={Clark, Theodore H and Lee, Ho Geun},
	booktitle={Proceedings of the 32nd Annual Hawaii International Conference on Systems Sciences. 1999. HICSS-32. Abstracts and CD-ROM of Full Papers},
	pages={10--pp},
	year={1999},
	organization={IEEE}
}

@article{guo2016blockchain,
	title={Blockchain application and outlook in the banking industry},
	author={Guo, Ye and Liang, Chen},
	journal={Financial Innovation},
	volume={2},
	number={1},
	pages={24},
	year={2016},
	publisher={Springer}
}

@article{zamani2018little,
	title={With a little help from the miners: distributed ledger technology and market disintermediation},
	author={Zamani, Efpraxia D and Giaglis, George M},
	journal={Industrial Management \& Data Systems},
	year={2018},
	publisher={Emerald Publishing Limited}
}

@inproceedings{armknecht2015ripple,
	title={Ripple: Overview and outlook},
	author={Armknecht, Frederik and Karame, Ghassan O and Mandal, Avikarsha and Youssef, Franck and Zenner, Erik},
	booktitle={International Conference on Trust and Trustworthy Computing},
	pages={163--180},
	year={2015},
	organization={Springer}
}

@article{wigand2020whatever,
	title={Whatever happened to disintermediation?},
	author={Wigand, Rolf T},
	journal={Electronic Markets},
	pages={1--9},
	year={2020},
	publisher={Springer}
}

@article{lande2018sok,
	title={SoK: unraveling Bitcoin smart contracts},
	author={Lande, Stefano and Zunino, Roberto},
	journal={Principles of Security and Trust LNCS 10804},
	pages={217},
	year={2018}
}

@misc{paypal,
	author = {PayPal},
	howpublished = "\url{https://www.paypal.com}",
	year = {2007}
}

@misc{ecommerceestimate,
	author = {BCG},
	howpublished = "\url{https://www.bcg.com/publications/2019/global-trade-goes-digital}",
	year = {2019}, 
	note = "[Online; accessed  2013/01/10]"
}

@inproceedings{sasson2014zerocash,
	title={Zerocash: Decentralized anonymous payments from bitcoin},
	author={Sasson, Eli Ben and Chiesa, Alessandro and Garman, Christina and Green, Matthew and Miers, Ian and Tromer, Eran and Virza, Madars},
	booktitle={2014 IEEE Symposium on Security and Privacy},
	pages={459--474},
	year={2014},
	organization={IEEE}
}

@inproceedings{giaglis1999disintermediation,
	title={Disintermediation, reintermediation, or cybermediation? The future of intermediaries in electronic marketplaces},
	author={Giaglis, George M and Klein, Stefan and O'Keefe, Robert M},
	booktitle={Global Networked Organizations, Proceedings of the 12th Electronic Commerce Conference},
	year={1999},
	organization={Citeseer}
}

@inproceedings{pouwelse2005bittorrent,
	title={The bittorrent p2p file-sharing system: Measurements and analysis},
	author={Pouwelse, Johan and Garbacki, Pawe{\l} and Epema, Dick and Sips, Henk},
	booktitle={International Workshop on Peer-to-Peer Systems},
	pages={205--216},
	year={2005},
	organization={Springer}
}

@article{troncoso2017systematizing,
	title={Systematizing decentralization and privacy: Lessons from 15 years of research and deployments},
	author={Troncoso, Carmela and Isaakidis, Marios and Danezis, George and Halpin, Harry},
	journal={Proceedings on Privacy Enhancing Technologies},
	volume={2017},
	number={4},
	pages={404--426},
	year={2017},
	publisher={Sciendo}
}

@article{aste2017blockchain,
	title={Blockchain technologies: The foreseeable impact on society and industry},
	author={Aste, Tomaso and Tasca, Paolo and Di Matteo, Tiziana},
	journal={computer},
	volume={50},
	number={9},
	pages={18--28},
	year={2017},
	publisher={IEEE COMPUTER SOC}
}

@article{stoll2019carbon,
	title={The carbon footprint of bitcoin},
	author={Stoll, Christian and Klaa{\ss}en, Lena and Gallersd{\"o}rfer, Ulrich},
	journal={Joule},
	volume={3},
	number={7},
	pages={1647--1661},
	year={2019},
	publisher={Elsevier}
}

@inproceedings{karame2016security,
	title={On the security and scalability of bitcoin's blockchain},
	author={Karame, Ghassan},
	booktitle={Proceedings of the 2016 ACM SIGSAC conference on computer and communications security},
	pages={1861--1862},
	year={2016}
}

@article{king2012ppcoin,
	title={Ppcoin: Peer-to-peer crypto-currency with proof-of-stake},
	author={King, Sunny and Nadal, Scott},
	journal={self-published paper, August},
	volume={19},
	pages={1},
	year={2012}
}

@article{szabo1996smart,
	title={Smart contracts: building blocks for digital markets},
	author={Szabo, Nick},
	journal={EXTROPY: The Journal of Transhumanist Thought,(16)},
	volume={18},
	number={2},
	year={1996}
}

@article{mehar2019understanding,
	title={Understanding a revolutionary and flawed grand experiment in blockchain: the DAO attack},
	author={Mehar, Muhammad Izhar and Shier, Charles Louis and Giambattista, Alana and Gong, Elgar and Fletcher, Gabrielle and Sanayhie, Ryan and Kim, Henry M and Laskowski, Marek},
	journal={Journal of Cases on Information Technology (JCIT)},
	volume={21},
	number={1},
	pages={19--32},
	year={2019},
	publisher={IGI Global}
}

@inproceedings{breidenbach2018enter,
	title={Enter the hydra: Towards principled bug bounties and exploit-resistant smart contracts},
	author={Breidenbach, Lorenz and Daian, Phil and Tram{\`e}r, Florian and Juels, Ari},
	booktitle={27th USENIX Security Symposium (USENIX Security)},
	pages={1335--1352},
	year={2018}
}

@article{trautman2014virtual,
	title={Virtual currencies; Bitcoin \& what now after Liberty Reserve, Silk Road, and Mt. Gox?},
	author={Trautman, Lawrence J},
	journal={Richmond Journal of Law and Technology},
	volume={20},
	number={4},
	year={2014}
}

@inproceedings{zeilemaker2011tribler,
	title={Tribler: P2P media search and sharing},
	author={Zeilemaker, Niels and Capot{\u{a}}, Mihai and Bakker, Arno and Pouwelse, Johan},
	booktitle={Proceedings of the 19th ACM international conference on Multimedia},
	pages={739--742},
	year={2011}
}

@misc{benet2018libp2p,
	title={libp2p specification},
	author={Juan Benet},
	publisher={GitHub},
	year={2018},
	howpublished = {\url{https://github.com/libp2p/specs}},
}

@article{pagnia2003fair,
	title={Fair exchange},
	author={Pagnia, Henning and Vogt, Holger and G{\"a}rtner, Felix C},
	journal={The Computer Journal},
	volume={46},
	number={1},
	pages={55--75},
	year={2003},
	publisher={Oxford University Press}
}

@inproceedings{dziembowski2018fairswap,
	title={Fairswap: How to fairly exchange digital goods},
	author={Dziembowski, Stefan and Eckey, Lisa and Faust, Sebastian},
	booktitle={Proceedings of the 2018 ACM SIGSAC Conference on Computer and Communications Security},
	pages={967--984},
	year={2018}
}

@inproceedings{asokan1997optimistic,
	title={Optimistic protocols for fair exchange},
	author={Asokan, Nadarajah and Schunter, Matthias and Waidner, Michael},
	booktitle={Proceedings of the 4th ACM conference on Computer and communications security},
	pages={7--17},
	year={1997}
}

@article{liu2018toward,
	title={Toward fairness of cryptocurrency payments},
	author={Liu, Jian and Li, Wenting and Karame, Ghassan O and Asokan, N},
	journal={IEEE Security \& Privacy},
	volume={16},
	number={3},
	pages={81--89},
	year={2018},
	publisher={IEEE}
}

@article{thomas2015protocol,
	title={A protocol for interledger payments},
	author={Thomas, Stefan and Schwartz, Evan},
	journal={URL https://interledger. org/interledger. pdf},
	year={2015}
}

@misc{etherdelta,
	title = {EtherDelta},
	year = 2018,
	howpublished = "\url{https://etherdelta.com}",
}

@techreport{idex,
	author = {Aurora Labs},
	title = {Aurora: A Decentralized Financial Institution Utilizing Distributed Computing and the Ethereum Network},
	year ={2018},
	institution={Aurora Labs}
}

@inproceedings{lokhava2019fast,
	title={Fast and secure global payments with Stellar},
	author={Lokhava, Marta and Losa, Giuliano and Mazi{\`e}res, David and Hoare, Graydon and Barry, Nicolas and Gafni, Eli and Jove, Jonathan and Malinowsky, Rafa{\l} and McCaleb, Jed},
	booktitle={Proceedings of the 27th ACM Symposium on Operating Systems Principles (SOSP)},
	pages={80--96},
	year={2019}
}

@article{bal2016medium,
	title={A medium-scale distributed system for computer science research: Infrastructure for the long term},
	author={Bal, Henri and Epema, Dick and de Laat, Cees and van Nieuwpoort, Rob and Romein, John and Seinstra, Frank and Snoek, Cees and Wijshoff, Harry},
	journal={Computer},
	volume={49},
	number={5},
	pages={54--63},
	year={2016},
	publisher={IEEE}
}

@article{benet2014ipfs,
	title={IPFS-content addressed, versioned, P2P file system},
	author={Benet, Juan},
	journal={arXiv preprint arXiv:1407.3561},
	year={2014}
}

@misc{zhang2017republic,
	title={Republic Protocol},
	author={Zhang, Taiyang and Wang, Loong},
	year={2017}
}

@techreport{benet2018filecoin,
	title={Filecoin: A decentralized storage network},
	author={Benet, Juan and Greco, Nicola},
	institution={Protocol Labs},
	year={2018}
}

@inproceedings{maymounkov2002kademlia,
	title={Kademlia: A peer-to-peer information system based on the xor metric},
	author={Maymounkov, Petar and Mazieres, David},
	booktitle={International Workshop on Peer-to-Peer Systems},
	pages={53--65},
	year={2002},
	organization={Springer}
}

@inproceedings{syverson2004tor,
	title={Tor: The second generation onion router},
	author={Syverson, Paul and Dingledine, Roger and Mathewson, Nick},
	booktitle={Usenix Security},
	pages={303--320},
	year={2004}
}

@article{shamir1979share,
	title={How to share a secret},
	author={Shamir, Adi},
	journal={Communications of the ACM},
	volume={22},
	number={11},
	pages={612--613},
	year={1979},
	publisher={ACm New York, NY, USA}
}

@misc{nolan2016atomic,
	title={Atomic swaps using cut and choose},
	howpublished = "\url{https://bitcointalk.org/index.php?topic=1364951.0}",
	author={TierNolan},
	year={2016}
}

@misc{sedgwick2018no,
	title={No, Visa Doesn’t Handle 24,000 TPS and Neither Does Your Pet Blockchain},
	author={Sedgwick, Kai},
	journal={bitcoin.com},
	howpublished = "\url{https://news.bitcoin.com/no-visa-doesnt-handle-24000-tps-and-neither-does-your-pet-blockchain/}",
	year={2018}
}

@article{chen2020blockchain,
	title={Blockchain disruption and decentralized finance: The rise of decentralized business models},
	author={Chen, Yan and Bellavitis, Cristiano},
	journal={Journal of Business Venturing Insights},
	volume={13},
	year={2020},
	publisher={Elsevier}
}

@inproceedings{gudgeon2020decentralized,
	title={The decentralized financial crisis},
	author={Gudgeon, Lewis and Perez, Daniel and Harz, Dominik and Livshits, Benjamin and Gervais, Arthur},
	booktitle={2020 Crypto Valley Conference on Blockchain Technology (CVCBT)},
	pages={1--15},
	year={2020},
	organization={IEEE}
}

@article{qin2020attacking,
	title={Attacking the DeFi ecosystem with flash loans for fun and profit},
	author={Qin, Kaihua and Zhou, Liyi and Livshits, Benjamin and Gervais, Arthur},
	journal={arXiv preprint arXiv:2003.03810},
	year={2020}
}

@inproceedings{brent2020ethainter,
  title={Ethainter: a smart contract security analyzer for composite vulnerabilities},
  author={Brent, Lexi and Grech, Neville and Lagouvardos, Sifis and Scholz, Bernhard and Smaragdakis, Yannis},
  booktitle={Proceedings of the 41st ACM SIGPLAN Conference on Programming Language Design and Implementation},
  pages={454--469},
  year={2020}
}

@article{rahman2011design,
	title={Design space analysis for modeling incentives in distributed systems},
	author={Rahman, Rameez and Vink{\'o}, Tam{\'a}s and Hales, David and Pouwelse, Johan and Sips, Henk},
	journal={ACM SIGCOMM Computer Communication Review},
	volume={41},
	number={4},
	pages={182--193},
	year={2011},
	publisher={ACM New York, NY, USA}
}

@inproceedings{ruth2004notebook,
	title={E-notebook middleware for accountability and reputation based trust in distributed data sharing communities},
	author={Ruth, Paul and Xu, Dongyan and Bhargava, Bharat and Regnier, Fred},
	booktitle={International Conference on Trust Management},
	pages={161--175},
	year={2004},
	organization={Springer}
}

@incollection{hwang2002charging,
	title={Charging control and transaction accounting mechanisms using IRTL (information resource transaction layer) middleware for P2P services},
	author={Hwang, Junseok and Aravamudham, Praveen and Liddy, Elizabeth and Stanton, Jeffrey and MacInnes, Ian},
	booktitle={From QoS Provisioning to QoS Charging},
	pages={239--249},
	year={2002},
	publisher={Springer}
}

@book{hausheer2006peermart,
	title={PeerMart: Secure decentralized pricing and accounting for peer-to-peer systems},
	author={Hausheer, David},
	year={2006},
	publisher={ETH Zurich}
}

@inproceedings{meulpolder2009bartercast,
	title={Bartercast: A practical approach to prevent lazy freeriding in p2p networks},
	author={Meulpolder, Michel and Pouwelse, Johan and Epema, Dick and Sips, Henk},
	booktitle={International Symposium on Parallel \& Distributed Processing},
	pages={1--8},
	year={2009},
	organization={IEEE}
}

@article{harris2018institutional,
	title={Institutional solutions to free-riding in peer-to-peer networks: a case study of online pirate communities},
	author={Harris, Colin},
	journal={Journal of Institutional Economics},
	volume={14},
	number={5},
	pages={901--924},
	year={2018},
	publisher={Cambridge University Press}
}

@inproceedings{locher2006free,
	title={Free riding in BitTorrent is cheap},
	author={Locher, Thomas and Moore, Patrick and Schmid, Stefan and Wattenhofer, Roger},
	booktitle={5th Workshop on Hot Topics in Networks (HotNets)},
	year={2006}
}

@article{adar2000free,
	title={Free riding on Gnutella},
	author={Adar, Eytan and Huberman, Bernardo A},
	year={2000},
	publisher={Valauskas, Edward J.}
}

@inproceedings{ma2004incentive,
	title={An incentive mechanism for P2P networks},
	author={Ma, Richard TB and Lee, Sam CM and Lui, John CS and Yau, David KY},
	booktitle={24th International Conference on Distributed Computing Systems},
	pages={516--523},
	year={2004},
	organization={IEEE}
}

@inproceedings{tang2004trust,
	title={Trust based incentive in P2P network},
	author={Tang, YangBin and Wang, HuaiMin and Dou, Wen},
	booktitle={IEEE international conference on e-commerce technology for dynamic e-business},
	pages={302--305},
	year={2004},
	organization={IEEE}
}

@techreport{cannellorchid,
	title={Orchid: A Decentralized Network Routing Market},
	author={Cannell, Jake S and Sheek, Justin and Freeman, Jay and Hazel, Greg and Rodriguez-Mueller, Jennifer and Hou, Eric and Fox, Brian J and Waterhouse, Steven},
	institution={Orchid Labs, Tech. Rep., 2019.[Online]. Available: https://www. orchid. com~…}
}

@inproceedings{biryukov2015proof,
	title={Proof-of-work as anonymous micropayment: Rewarding a Tor relay},
	author={Biryukov, Alex and Pustogarov, Ivan},
	booktitle={International Conference on Financial Cryptography and Data Security},
	pages={445--455},
	year={2015},
	organization={Springer}
}

@article{otte2017trustchain,
	title={TrustChain: A Sybil-resistant scalable blockchain},
	author={Otte, Pim and de Vos, Martijn and Pouwelse, Johan},
	journal={Future Generation Computer Systems},
	volume={107},
	pages={770--780},
	year={2020},
	publisher={Elsevier}
}

@inproceedings{crosby2009efficient,
	title={Efficient Data Structures For Tamper-Evident Logging.},
	author={Crosby, Scott A and Wallach, Dan S},
	booktitle={USENIX Security},
	pages={317--334},
	year={2009}
}

@techreport{ghosh2014torpath,
	title={A TorPath to TorCoin: Proof-of-bandwidth altcoins for compensating relays},
	author={Ghosh, Mainak and Richardson, Miles and Ford, Bryan and Jansen, Rob},
	year={2014},
	institution={Naval Research}
}

@inproceedings{palmieri2015paying,
	title={Paying the guard: an entry-guard-based payment system for tor},
	author={Palmieri, Paolo and Pouwelse, Johan},
	booktitle={International Conference on Financial Cryptography and Data Security},
	pages={437--444},
	year={2015},
	organization={Springer}
}

@misc{cohen2008bittorrent,
	title={The BitTorrent protocol specification},
	author={Cohen, Bram},
	year={2008}
}

@inproceedings{vukolic2015quest,
	title={The quest for scalable blockchain fabric: Proof-of-work vs. BFT replication},
	author={Vukoli{\'c}, Marko},
	booktitle={iNetSec},
	pages={112--125},
	year={2015},
	organization={Springer}
}

@article{rose2003internet,
	title={Internet Security and the Tragedy of the Commons},
	author={Rose, Chris and Gordon, Jean},
	journal={JBER},
	volume={1},
	number={11},
	year={2003}
}

@misc{bittorrenttoken,
	title={BitTorrent Token (BTT): Tokenizing Decentralized File Sharing},
	url={https://www.bittorrent.com/token/btt/},
	author={BitTorrent, Inc.}}

@inproceedings{guerraoui2010lifting,
	title={Lifting: lightweight freerider-tracking in gossip},
	author={Guerraoui, Rachid and Huguenin, K{\'e}vin and Kermarrec, Anne-Marie and Monod, Maxime and Prusty, Swagatika},
	booktitle={ACM/IFIP/USENIX International Conference on Distributed Systems Platforms and Open Distributed Processing},
	pages={313--333},
	year={2010},
	organization={Springer}
}

@inproceedings{diarra2014fullreview,
	title={Fullreview: Practical accountability in presence of selfish nodes},
	author={Diarra, Amadou and Mokhtar, Sonia Ben and Aublin, Pierre-Louis and Qu{\'e}ma, Vivien},
	booktitle={2014 IEEE 33rd International Symposium on Reliable Distributed Systems},
	pages={271--280},
	year={2014},
	organization={IEEE}
}

@techreport{popov2018tangle,
	title={The tangle, iota whitepaper},
	author={Popov, Sergei},
	year={2018},
	institution={IOTA, Tech. Rep.[Online]. Available: https://iota. org/IOTA\_Whitepaper. pdf}
}

@article{grunspan2018double,
	title={Double spend races},
	author={Grunspan, Cyril and P{\'e}rez-Marco, Ricardo},
	journal={International Journal of Theoretical and Applied Finance},
	volume={21},
	number={08},
	pages={1850053},
	year={2018},
	publisher={World Scientific}
}

@inproceedings{mokhtar2014acting,
	title={Acting: Accurate freerider tracking in gossip},
	author={Mokhtar, Sonia Ben and Decouchant, J{\'e}r{\'e}mie and Qu{\'e}ma, Vivien},
	booktitle={2014 IEEE 33rd International Symposium on Reliable Distributed Systems},
	pages={291--300},
	year={2014},
	organization={IEEE}
}

@article{hardin2009tragedy,
	title={The tragedy of the commons},
	author={Hardin, Garrett},
	journal={Journal of Natural Resources Policy Research},
	volume={1},
	number={3},
	pages={243--253},
	year={2009},
	publisher={Taylor \& Francis}
}

@inproceedings{chen2015misleading,
	title={Misleading online content: recognizing clickbait as" false news"},
	author={Chen, Yimin and Conroy, Niall J and Rubin, Victoria L},
	booktitle={Proceedings of the 2015 ACM on workshop on multimodal deception detection},
	pages={15--19},
	year={2015}
}

@article{krishnan2002virtual,
	title={The virtual commons: Why free-riding can be tolerated in file sharing networks},
	author={Krishnan, Ramayya and Smith, Michael and Tang, Zhulei and Telang, Rahul},
	journal={ICIS 2002 Proceedings},
	pages={82},
	year={2002}
}

@inproceedings{wallach2003enforcing,
	title={Enforcing fair sharing of peer-to-peer resources},
	author={Ngan, Tsuen-Wan and Wallach, Dan S and Druschel, Peter},
	booktitle={International Workshop on Peer-to-Peer Systems},
	pages={149--159},
	year={2003},
	organization={Springer}
}

@inproceedings{osipkov2006robust,
	title={Robust accounting in decentralized P2P storage systems},
	author={Osipkov, Ivan and Wang, Peng and Hopper, Nicholas},
	booktitle={26th IEEE International Conference on Distributed Computing Systems (ICDCS'06)},
	pages={14--14},
	year={2006},
	organization={IEEE}
}

@inproceedings{osipkov2007combating,
	title={Combating double-spending using cooperative P2P systems},
	author={Osipkov, Ivan and Vasserman, Eugene Y and Hopper, Nicholas and Kim, Yongdae},
	booktitle={27th International Conference on Distributed Computing Systems (ICDCS'07)},
	pages={41--41},
	year={2007},
	organization={IEEE}
}

@misc{cerf2013revisiting,
	title={Revisiting the Tragedy of the Commons},
	author={Cerf, Vinton G},
	year={2013},
	publisher={ACM New York, NY, USA}
}

@inproceedings{douceur2002sybil,
	title={The sybil attack},
	author={Douceur, John R},
	booktitle={International workshop on peer-to-peer systems},
	pages={251--260},
	year={2002},
	organization={Springer}
}

@inproceedings{stokkink2018deployment,
	title={Deployment of a blockchain-based self-sovereign identity},
	author={Stokkink, Quinten and Pouwelse, Johan},
	booktitle={2018 IEEE International Conference on Internet of Things (iThings) and IEEE Green Computing and Communications (GreenCom) and IEEE Cyber, Physical and Social Computing (CPSCom) and IEEE Smart Data (SmartData)},
	pages={1336--1342},
	year={2018},
	organization={IEEE}
}

@article{de2021xchange,
	title={XChange: A Universal Mechanism for Asset Exchange between Permissioned Blockchains},
	author={de Vos, Martijn and Ileri, Can Umut and Pouwelse, Johan},
	journal={World Wide Web},
	pages={1--38},
	year={2021},
	publisher={Springer}
}

@article{frost2019bigtech,
	title={BigTech and the changing structure of financial intermediation},
	author={Frost, Jon and Gambacorta, Leonardo and Huang, Yi and Shin, Hyun Song and Zbinden, Pablo},
	journal={Economic Policy},
	year={2019}
}

@book{bashir2018mastering,
	title={Mastering Blockchain: Distributed ledger technology, decentralization, and smart contracts explained},
	author={Bashir, Imran},
	year={2018},
	publisher={Packt Publishing Ltd}
}

@techreport{dingledine2004tor,
	title={Tor: The second-generation onion router},
	author={Dingledine, Roger and Mathewson, Nick and Syverson, Paul},
	year={2004},
	institution={Naval Research Lab Washington DC}
}

@article{pouwelse2008tribler,
	title={TRIBLER: a social-based peer-to-peer system},
	author={Pouwelse, Johan A and Garbacki, Pawel and Wang, Jun and Bakker, Arno and Yang, Jie and Iosup, Alexandru and Epema, Dick HJ and Reinders, Marcel and Van Steen, Maarten R and Sips, Henk J},
	journal={Concurrency and computation: Practice and experience},
	volume={20},
	number={2},
	pages={127--138},
	year={2008},
	publisher={Wiley Online Library}
}

@article{bokanyi2019ride,
	title = {Understanding {Inequalities} in {Ride}-{Hailing} {Services} {Through} {Simulations}},
	volume = {10},
	issn = {2045-2322},
	url = {http://www.nature.com/articles/s41598-020-63171-9},
	doi = {10.1038/s41598-020-63171-9},
	language = {en},
	number = {1},
	urldate = {2020-07-31},
	journal = {Scientific Reports},
	author = {Bokányi, Eszter and Hannák, Anikó},
	month = dec,
	year = {2020},
	pages = {6500},
	file = {Full Text:/Users/user/Zotero/storage/2V9L7HAZ/Bokányi and Hannák - 2020 - Understanding Inequalities in Ride-Hailing Service.pdf:application/pdf}
}

@article{kotapati2020antitrust,
	title={The Antitrust Case Against Apple},
	author={Kotapati, Bapu and Mutungi, Simon and Newham, Melissa and Schroeder, Jeff and Shao, Shili and Wang, Melody},
	journal={Available at SSRN},
	year={2020}
}

@inproceedings{sirivianos2007free,
	title={Free-riding in BitTorrent Networks with the Large View Exploit.},
	author={Sirivianos, Michael and Park, Jong Han and Chen, Rex and Yang, Xiaowei},
	booktitle={IPTPS},
	year={2007}
}

@article{anderson2019boinc,
	title={Boinc: A platform for volunteer computing},
	author={Anderson, David P},
	journal={Journal of Grid Computing},
	pages={1--24},
	year={2019},
	publisher={Springer}
}

@article{ruffo2007fairpeers,
	title={Fairpeers: Efficient profit sharing in fair peer-to-peer market places},
	author={Ruffo, Giancarlo and Schifanella, Rossano},
	journal={Journal of Network and Systems Management},
	volume={15},
	number={3},
	pages={355--382},
	year={2007},
	publisher={Springer}
}

@inproceedings{hummel2003earning,
	title={Earning a living among peers-the quest for viable p2p revenue models},
	author={Hummel, Thomas and Stramme, O and La Salle, Ryan M},
	booktitle={36th Annual Hawaii International Conference on System Sciences, 2003. Proceedings of the},
	pages={10--pp},
	year={2003},
	organization={IEEE}
}

@article{antoniadis2004comparing,
	title={Comparing economic incentives in peer-to-peer networks},
	author={Antoniadis, Panayotis and Courcoubetis, Costas and Mason, Robin},
	journal={Computer networks},
	volume={46},
	number={1},
	pages={133--146},
	year={2004},
	publisher={Elsevier}
}

@techreport{jelasity2004detection,
	title={Detection and removal of malicious peers in gossip-based protocols},
	author={Jelasity, M{\'a}rk and Montresor, Alberto and Babaoglu, Ozalp},
	year={2004},
	institution={University of Bologna},
	publisher={szte}
}

@article{matloff2008introduction,
	title={Introduction to discrete-event simulation and the simpy language},
	author={Matloff, Norm},
	journal={Davis, CA. Dept of Computer Science. University of California at Davis. Retrieved on August},
	volume={2},
	number={2009},
	pages={1--33},
	year={2008}
}

@article{wood2014ethereum,
	title={Ethereum: A secure decentralised generalised transaction ledger},
	author={Wood, Gavin},
	journal={Ethereum project yellow paper},
	volume={151},
	number={2014},
	pages={1--32},
	year={2014}
}

@article{de2018blockchain,
	title={A Blockchain-based Micro-Economy of Bandwidth Tokens},
	author={de Vos, Martijn and Pouwelse, Johan},
	journal={CompSys 2018},
	year={2018}
}

@article{best2014internet,
	title={The internet that Facebook built},
	author={Best, Michael L},
	journal={Communications of the ACM},
	volume={57},
	number={12},
	pages={21--23},
	year={2014},
	publisher={ACM New York, NY, USA}
}

@incollection{frenken2019putting,
	title={Putting the sharing economy into perspective},
	author={Frenken, Koen and Schor, Juliet},
	booktitle={A Research Agenda for Sustainable Consumption Governance},
	year={2019},
	publisher={Edward Elgar Publishing}
}

@article{easley2019mining,
	title={From mining to markets: The evolution of bitcoin transaction fees},
	author={Easley, David and O'Hara, Maureen and Basu, Soumya},
	journal={Journal of Financial Economics},
	volume={134},
	number={1},
	pages={91--109},
	year={2019},
	publisher={Elsevier}
}

@article{karakaya2009free,
	title={Free riding in peer-to-peer networks},
	author={Karakaya, Murat and Korpeoglu, Ibrahim and Ulusoy, {\"O}zg{\"u}r},
	journal={IEEE Internet computing},
	volume={13},
	number={2},
	pages={92--98},
	year={2009},
	publisher={IEEE}
}

@article{jansen2018kist,
	title={KIST: Kernel-Informed Socket Transport for Tor},
	author={Jansen, Rob and Traudt, Matthew and Geddes, John and Wacek, Chris and Sherr, Micah and Syverson, Paul},
	journal={ACM Transactions on Privacy and Security (TOPS)},
	volume={22},
	number={1},
	pages={1--37},
	year={2018},
	publisher={ACM New York, NY, USA}
}

@inproceedings{de2019devid,
	title={Devid: Blockchain-based portfolios for software developers},
	author={de Vos, Martijn and Olsthoorn, Mitchell and Pouwelse, Johan},
	booktitle={2019 IEEE International Conference on Decentralized Applications and Infrastructures (DAPPCON)},
	pages={158--163},
	year={2019},
	organization={IEEE}
}

@inproceedings{bunz2018bulletproofs,
	title={Bulletproofs: Short proofs for confidential transactions and more},
	author={B{\"u}nz, Benedikt and Bootle, Jonathan and Boneh, Dan and Poelstra, Andrew and Wuille, Pieter and Maxwell, Greg},
	booktitle={2018 IEEE Symposium on Security and Privacy (SP)},
	pages={315--334},
	year={2018},
	organization={IEEE}
}

@inproceedings{poelstra2018confidential,
	title={Confidential assets},
	author={Poelstra, Andrew and Back, Adam and Friedenbach, Mark and Maxwell, Gregory and Wuille, Pieter},
	booktitle={International Conference on Financial Cryptography and Data Security},
	pages={43--63},
	year={2018},
	organization={Springer}
}

@inproceedings{li2012sybilcontrol,
	title={SybilControl: Practical Sybil defense with computational puzzles},
	author={Li, Frank and Mittal, Prateek and Caesar, Matthew and Borisov, Nikita},
	booktitle={Proceedings of the seventh ACM workshop on Scalable trusted computing},
	pages={67--78},
	year={2012}
}

@inproceedings{delaviz2012sybilres,
	title={SybilRes: A Sybil-resilient flow-based decentralized reputation mechanism},
	author={Delaviz, Rahim and Andrade, Nazareno and Pouwelse, Johan and Epema, Dick},
	booktitle={2012 IEEE 32nd International Conference on Distributed Computing Systems},
	pages={203--213},
	year={2012},
	organization={IEEE}
}

@inproceedings{yu2008sybillimit,
	title={Sybillimit: A near-optimal social network defense against sybil attacks},
	author={Yu, Haifeng and Gibbons, Phillip B and Kaminsky, Michael and Xiao, Feng},
	booktitle={2008 IEEE Symposium on Security and Privacy (sp 2008)},
	pages={3--17},
	year={2008},
	organization={IEEE}
}

@inproceedings{de2018real,
	title={Real-time Money Routing by Trusting Strangers with your Funds},
	author={de Vos, Martijn and Pouwelse, Johan},
	booktitle={2018 IFIP Networking Conference (IFIP Networking) and Workshops},
	pages={1--9},
	year={2018},
	organization={IEEE}
}

@inproceedings{cohen2003incentives,
	title={Incentives build robustness in BitTorrent},
	author={Cohen, Bram},
	booktitle={Workshop on Economics of Peer-to-Peer systems},
	volume={6},
	pages={68--72},
	year={2003},
	organization={Berkeley, CA, USA}
}

@article{bellini2020blockchain,
	title={Blockchain-based distributed trust and reputation management systems: A survey},
	author={Bellini, Emanuele and Iraqi, Youssef and Damiani, Ernesto},
	journal={IEEE Access},
	volume={8},
	pages={21127--21151},
	year={2020},
	publisher={IEEE}
}

@article{hendrikx2015reputation,
	title={Reputation systems: A survey and taxonomy},
	author={Hendrikx, Ferry and Bubendorfer, Kris and Chard, Ryan},
	journal={Journal of Parallel and Distributed Computing},
	volume={75},
	pages={184--197},
	year={2015},
	publisher={Elsevier}
}

@inproceedings{hausheer2005peermint,
	title={Peermint: Decentralized and secure accounting for peer-to-peer applications},
	author={Hausheer, David and Stiller, Burkhard},
	booktitle={International Conference on Research in Networking},
	pages={40--52},
	year={2005},
	organization={Springer}
}

@article{seuken2014sybil,
	title={Sybil-proof accounting mechanisms with transitive trust},
	author={Seuken, Sven and Parkes, David C},
	journal={Proceedings of the International Foundation for Autonomous Agents and Multiagent Systems},
	year={2014},
	publisher={ACM}
}

@inproceedings{stannat2021sybil,
	title={Achieving sybil-proofness in distributed work systems},
	author={Stannat, Alexander and Umut Ileri, Can and Gijswijt, Dion and Pouwelse, Johan},
	booktitle={International Conference on Autonomous Agents and Multiagent Systems},
	year={2021},
}

@inproceedings{liu2008detection,
	title={Detection of collusion behaviors in online reputation systems},
	author={Liu, Yuhong and Yang, Yafei and Sun, Yan Lindsay},
	booktitle={2008 42nd Asilomar Conference on Signals, Systems and Computers},
	pages={1368--1372},
	year={2008},
	organization={IEEE}
}

@article{huang2011lobster,
	title={LOBSTER: Limit order book reconstruction system},
	author={Huang, Ruihong and Polak, Tomas},
	year={2011}
}

@misc{schuh2017bitshares,
	title={Bitshares 2.0: general overview},
	author={Schuh, Fabian and Larimer, Daniel},
	url={http://docs.bitshares.org/downloads/bitshares-general. pdf},
	year={2017}
}

@article{sattinger1995search,
	title={Search and the efficient assignment of workers to jobs},
	author={Sattinger, Michael},
	journal={International Economic Review},
	pages={283--302},
	year={1995},
	publisher={JSTOR}
}

@article{serrano1996welfare,
	title={Welfare analysis of a market with pairwise meetings and asymmetric information},
	author={Serrano, Roberto and Yosha, Oved},
	journal={Economic Theory},
	volume={8},
	number={1},
	pages={167--175},
	year={1996},
	publisher={Springer}
}

@article{jackson1998efficiency,
	title={Efficiency and voluntary implementation in markets with repeated pairwise bargaining},
	author={Jackson, Matthew O and Palfrey, Thomas R},
	journal={Econometrica},
	pages={1353--1388},
	year={1998},
	publisher={JSTOR}
}

@inproceedings{hausheer2005peermart,
	title={Peermart: The technology for a distributed auction-based market for peer-to-peer services},
	author={Hausheer, David and Stiller, Burkhard},
	booktitle={ICC'2005},
	volume={3},
	pages={1583--1587},
	year={2005},
	organization={IEEE}
}

@inproceedings{ogston2002peer,
	title={A peer-to-peer agent auction},
	author={Ogston, Elth and Vassiliadis, Stamatis},
	booktitle={ACM AAMAS part 1},
	pages={151--159},
	year={2002},
	organization={ACM}
}

@article{fontoura2005decentralized,
	title={Decentralized peer-to-peer auctions},
	author={Fontoura, Marcus and Ionescu, Mihail and Minsky, Naftaly},
	journal={Electronic Commerce Research},
	volume={5},
	number={1},
	pages={7--24},
	year={2005},
	publisher={Springer}
}

@article{lee2015new,
	title={New Kids on the Blockchain: How Bitcoin's Technology Could Reinvent the Stock Market},
	author={Lee, Larissa},
	journal={Hastings Bus. LJ},
	volume={12},
	pages={81},
	year={2015},
	publisher={HeinOnline}
}

@article{malinova2017market,
	title={Market Design with Blockchain Technology},
	author={Malinova, Katya and Park, Andreas},
	year={2017}
}

@online{wavesplatform,
	author = {Waves Platform},
	title = {Waves},
	year = 2018,
	url = {https://wavesplatform.com},
}

@online{ardorplatform,
	author = {Ardor NXT Group},
	title = {Ardor},
	year = 2018,
	url = {https://www.ardorplatform.org},
}

@online{bisq,
	author = {Bisq},
	title = {Bisq - The P2P Exchange Network},
	year = 2018,
	url = {https://bisq.network},
}

@misc{openbazaar,
	title = {OpenBazaar},
	year = 2018,
	howpublished = "\url{https://www.openbazaar.org}",
}

@online{sqlite,
	author = {SQLite},
	title = {SQLite},
	year = 2018,
	url = {https://sqlite.org/index.html},
}

@online{oasisdex,
	author = {OasisDEX},
	title = {OasisDEX},
	year = 2018,
	url = {https://oasisdex.com},
}

@online{centralizedexchanges,
	author = {Mary Ann Callahan},
	title = {Decentralized vs Centralized Bitcoin Exchange, Can they co-exist?},
	year = 2018,
}

@techreport{loopring,
	title={Loopring: A decentralized token exchange protocol},
	author={Wang, Daniel and Zhou, Jay and Wang, Alex and Finestone, Matthew},
	url={https://github.com/Loopring/whitepaper/blob/master/en\_whitepaper.pdf},
	year={2018},
	institution={Loopring},
}

@online{coinmarketcap,
	author = {CoinMarketCap},
	title = {CoinMarketCap},
	year = 2018,
	url = {https://coinmarketcap.com},
}

@online{swarmcity,
	author = {Swarm City},
	title = {Swarm City},
	year = 2018,
	url = {https://swarm.city},
}

@misc{warren20170x,
	title={0x: An open protocol for decentralized exchange on the Ethereum blockchain},
	author={Warren, Will and Bandeali, Amir},
	url={https://github.com/0xProject/whitepaper},
	year={2017}
}

@inproceedings{eyal2016bitcoin,
	title={Bitcoin-NG: A Scalable Blockchain Protocol.},
	author={Eyal, Ittay and Gencer, Adem Efe and Sirer, Emin G{\"u}n and Van Renesse, Robbert},
	booktitle={NSDI},
	pages={45--59},
	year={2016}
}

@article{fastnex,
	title={NEX: A High Performance Decentralized Trade and Payment Platform},
	author={Fast, Ethan and Exchange, Neon and Canesin, F{\'a}bio C and Engel, Luciano and Exchange, Eng Neon and Wahle, Fabian and Z{\"u}rich, CH and Saunders, Thomas}
}

@inproceedings{yarom2004decentralized,
	title={Decentralized Marketplaces and Web Services: Challenges and Opportunities},
	author={Yarom, Itai and Topol, Zvi and Rosenschein, Jeffrey S},
	booktitle={Workshop on Agent Mediated Electronic Commerce VI},
	year={2004}
}

@article{mengelkamp2018blockchain,
	title={A blockchain-based smart grid: towards sustainable local energy markets},
	author={Mengelkamp, Esther and Notheisen, Benedikt and Beer, Carolin and Dauer, David and Weinhardt, Christof},
	journal={Computer Science-Research and Development},
	volume={33},
	number={1-2},
	pages={207--214},
	year={2018},
	publisher={Springer}
}

@article{veit2002multi,
	title={Multi-dimensional matchmaking for electronic markets},
	author={Veit, Daniel J and Weinhardt, Christof and Muller, Jorg P},
	journal={Applied Artificial Intelligence},
	volume={16},
	number={9-10},
	pages={853--869},
	year={2002},
	publisher={Taylor \& Francis}
}

@inproceedings{cakir2007investigation,
	title={An Investigation about Process Matchmaking Performances of Unstructured and Decentralized Digital Environments},
	author={Cakir, Bugra and Kilic, Hurevren},
	booktitle={DEST'07.},
	pages={81--87},
	year={2007},
	organization={IEEE}
}

@incollection{bocek2018smart,
	title={Smart Contracts--Blockchains in the Wings},
	author={Bocek, Thomas and Stiller, Burkhard},
	booktitle={Digital Marketplaces Unleashed},
	pages={169--184},
	year={2018},
	publisher={Springer}
}

@inproceedings{atzei2017survey,
	title={A survey of attacks on Ethereum smart contracts (SoK)},
	author={Atzei, Nicola and Bartoletti, Massimo and Cimoli, Tiziana},
	booktitle={International Conference on Principles of Security and Trust},
	pages={164--186},
	year={2017},
	organization={Springer}
}

@article{larimer2014delegated,
	title={Delegated proof-of-stake},
	author={Larimer, Daniel},
	journal={Bitshares whitepaper},
	year={2014}
}

@article{hoffman2009survey,
	title={A survey of attack and defense techniques for reputation systems},
	author={Hoffman, Kevin and Zage, David and Nita-Rotaru, Cristina},
	journal={ACM Computing Surveys (CSUR)},
	volume={42},
	number={1},
	pages={1},
	year={2009},
	publisher={ACM}
}

@article{mcmillan2014inside,
	title={The inside story of Mt. Gox, Bitcoins 460 million dollar disaster},
	author={McMillan, Robert},
	journal={Wired. March},
	volume={3},
	year={2014}
}

@inproceedings{gervais2016security,
	title={On the security and performance of proof of work blockchains},
	author={Gervais, Arthur and Karame, Ghassan O and W{\"u}st, Karl and Glykantzis, Vasileios and Ritzdorf, Hubert and Capkun, Srdjan},
	booktitle={Proceedings of the 2016 ACM SIGSAC conference on computer and communications security},
	pages={3--16},
	year={2016}
}

@article{zohar2015bitcoin,
	title={Bitcoin: under the hood},
	author={Zohar, Aviv},
	journal={Communications of the ACM},
	volume={58},
	number={9},
	pages={104--113},
	year={2015},
	publisher={ACM}
}

@article{popov2016tangle,
	title={The tangle},
	author={Popov, Serguei},
	journal={cit. on},
	pages={131},
	year={2016}
}

@misc{lerner2015dagcoin,
	title={DagCoin: a cryptocurrency without blocks},
	author={Lerner, Sergio Demian},
	year={2015},
	publisher={Tech. Rep., 2015.[Online]. Available: https://bitslog. files. wordpress. com~…}
}

@inproceedings{post2011bazaar,
	title={Bazaar: Strengthening user reputations in online marketplaces},
	author={Post, Ansley and Shah, Vijit and Mislove, Alan},
	booktitle={Proceedings of NSDI},
	volume={11},
	pages={183},
	year={2011}
}

@article{haeberlen2007peerreview,
	title={PeerReview: Practical accountability for distributed systems},
	author={Haeberlen, Andreas and Kouznetsov, Petr and Druschel, Peter},
	journal={ACM SIGOPS operating systems review},
	volume={41},
	number={6},
	pages={175--188},
	year={2007},
	publisher={ACM New York, NY, USA}
}

@inproceedings{green2017bolt,
	title={Bolt: Anonymous payment channels for decentralized currencies},
	author={Green, Matthew and Miers, Ian},
	booktitle={ACM SIGSAC},
	pages={473--489},
	year={2017},
	organization={ACM}
}

@techreport{pagnia1999impossibility,
	title={On the impossibility of fair exchange without a trusted third party},
	author={Pagnia, Henning and G{\"a}rtner, Felix C},
	year={1999},
	institution={Technical Report TUD-BS-1999-02, Darmstadt University of Technology~…}
}

@techreport{pwcsharingeconomy,
	title={Consumer Intelligence Series: The Sharing Economy},
	author={PWC},
	year={2015},
	institution={PWC},
}

@article{pouwelse2017laws,
	title={Laws for creating trust in the blockchain age},
	author={Pouwelse, Johan and de Kok, Andr{\'e} and Fleuren, Joost and Hoogendoorn, Peter and Vliegendhart, Raynor and de Vos, Martijn},
	journal={European Property Law Journal},
	volume={6},
	number={3},
	pages={321--356},
	year={2017},
	publisher={De Gruyter}
}

@article{sompolinsky2018phantom,
	title={PHANTOM: A Scalable BlockDAG Protocol.},
	author={Sompolinsky, Yonatan and Zohar, Aviv},
	journal={IACR Cryptology Archive},
	volume={2018},
	pages={104},
	year={2018}
}

@article{chan1998information,
	title={Information dissemination and aggregation in asset markets with simple intelligent traders},
	author={Chan, Nicholas and LeBaron, Blake and Lo, Andrew and Poggio, Tomaso},
	year={1998}
}

@article{zervas2017rise,
	title={The rise of the sharing economy: Estimating the impact of Airbnb on the hotel industry},
	author={Zervas, Georgios and Proserpio, Davide and Byers, John W},
	journal={Journal of marketing research},
	volume={54},
	number={5},
	pages={687--705},
	year={2017},
	publisher={American Marketing Association}
}

@book{veit2003matchmaking,
	title={Matchmaking in electronic markets: An agent-based approach towards matchmaking in electronic negotiations},
	author={Veit, Daniel J},
	volume={2882},
	series={Lecture Notes in Artificial Intelligence},
	year={2003},
	publisher={Springer}
}

@inproceedings{sigdel2005centralized,
	title={Centralized Matchmaking-An Empirical Study},
	author={Sigdel, K and Li, S and Pourebrahimi, B and Bertels, K and Vassiliadis, S},
	booktitle={16th Annual Workshop on Circuits, Systems and Signal Processing},
	pages={438--444},
	year={2005},
	organization={Published}
}

@article{ebrahimi2004matchmaking,
	title={Matchmaking within multi-agent systems},
	author={Ebrahimi, B Pour and Bertels, K and Vassiliadis, S and Sigdel, K},
	journal={Proceeding of ProRisc-2004},
	year={2004}
}

@inproceedings{raman1998matchmaking,
	title={Matchmaking: Distributed resource management for high throughput computing},
	author={Raman, Rajesh and Livny, Miron and Solomon, Marvin},
	booktitle={Proceedings of The 7th International Symposium on High Performance Distributed Computing},
	pages={140--146},
	year={1998},
	organization={IEEE}
}

@inproceedings{shames2012distributed,
	title={Distributed network size estimation and average degree estimation and control in networks isomorphic to directed graphs},
	author={Shames, Iman and Charalambous, Themistoklis and Hadjicostis, Christoforos N and Johansson, Mikael},
	booktitle={2012 50th Annual Allerton Conference on Communication, Control, and Computing (Allerton)},
	pages={1885--1892},
	year={2012},
	organization={IEEE}
}

@article{frey2002condor,
	title={Condor-G: A computation management agent for multi-institutional grids},
	author={Frey, James and Tannenbaum, Todd and Livny, Miron and Foster, Ian and Tuecke, Steven},
	journal={Cluster Computing},
	volume={5},
	number={3},
	pages={237--246},
	year={2002},
	publisher={Springer}
}

@inproceedings{czajkowski1998resource,
	title={A resource management architecture for metacomputing systems},
	author={Czajkowski, Karl and Foster, Ian and Karonis, Nick and Kesselman, Carl and Martin, Stuart and Smith, Warren and Tuecke, Steven},
	booktitle={Workshop on Job Scheduling Strategies for Parallel Processing},
	pages={62--82},
	year={1998},
	organization={Springer}
}

@inproceedings{sigdel2005framework,
	title={A framework for adaptive matchmaking in distributed computing},
	author={Sigdel, K and Bertels, K and Pourebrahimi, B and Vassiliadis, S and Shuai, L},
	booktitle={Proceedings of GRID Workshop},
	volume={224},
	year={2005}
}

@inproceedings{gomoluch2003market,
	title={Market-based Resource Allocation for Grid Computing: A Model and Simulation},
	author={Gomoluch, Jacek and Schroeder, Michael},
	booktitle={Middleware},
	pages={211--218},
	year={2003}
}

@inproceedings{mihailescu2010distributed,
	title={A distributed market framework for large-scale resource sharing},
	author={Mihailescu, Marian and Teo, Yong Meng},
	booktitle={European Conference on Parallel Processing},
	pages={418--430},
	year={2010},
	organization={Springer}
}

@inproceedings{azab2008adaptive,
	title={An adaptive decentralized scheduling mechanism for peer-to-peer desktop grids},
	author={Azab, Abdulrahman A and Kholidy, Hisham A},
	booktitle={International Conference on Computer Engineering \& Systems},
	pages={364--371},
	year={2008},
	organization={IEEE}
}

@inproceedings{edinger2016decentralized,
	title={Decentralized scheduling for tasklets},
	author={Edinger, Janick and Sch{\"a}fer, Dominik and Becker, Christian},
	booktitle={Proceedings of the Posters and Demos Session of the 17th International Middleware Conference},
	pages={7--8},
	year={2016}
}

@inproceedings{abdullah2010effect,
	title={Effect of the degree of neighborhood on resource discovery in ad hoc grids},
	author={Abdullah, Tariq and Bertels, Koen and Alima, Luc Onana and Nawaz, Zubair},
	booktitle={International Conference on Architecture of Computing Systems},
	pages={174--186},
	year={2010},
	organization={Springer}
}

@inproceedings{shafran2008towards,
	title={Towards bidirectional distributed matchmaking},
	author={Shafran, Victor and Kaminka, Gal and Kraus, Sarit and Goldman, Claudia V},
	booktitle={Proceedings of the 7th international joint conference on Autonomous agents and multiagent systems-Volume 3},
	pages={1437--1440},
	year={2008},
	organization={International Foundation for Autonomous Agents and Multiagent Systems}
}

@article{Buyya2002EconomicMF,
	title={Economic models for resource management and scheduling in Grid computing},
	author={Buyya, Rajkumar and Abramson, David and Giddy, Jonathan and Stockinger, Heinz},
	journal={Concurrency and Computation: Practice and Experience},
	year={2002},
	volume={14},
	pages={1507-1542}
}

@article{Eugster2003TheMF,
	title={The many faces of publish/subscribe},
	author={Patrick Th. Eugster and Pascal Felber and Rachid Guerraoui and Anne-Marie Kermarrec},
	journal={ACM Comput. Surv.},
	year={2003},
	volume={35},
	pages={114-131}
}

@inproceedings{Li2005CompositeSI,
	title={Composite Subscriptions in Content-Based Publish/Subscribe Systems},
	author={Guoli Li and Hans-Arno Jacobsen},
	booktitle={Middleware},
	year={2005}
}

@inproceedings{banavar1999efficient,
	title={An efficient multicast protocol for content-based publish-subscribe systems},
	author={Banavar, Guruduth and Chandra, Tushar and Mukherjee, Bodhi and Nagarajarao, Jay and Strom, Robert E and Sturman, Daniel C},
	booktitle={Proceedings. 19th International Conference on Distributed Computing Systems},
	pages={262--272},
	year={1999},
	organization={IEEE}
}

@inproceedings{carzaniga2004routing,
	title={A routing scheme for content-based networking},
	author={Carzaniga, Antonio and Rutherford, Matthew J and Wolf, Alexander L},
	booktitle={INFOCOM},
	volume={2},
	pages={918--928},
	year={2004},
	organization={IEEE}
}

@article{Carzaniga2001DesignAE,
	title={Design and evaluation of a wide-area event notification service},
	author={Carzaniga, Antonio and Rosenblum, David S and Wolf, Alexander L},
	journal={Transactions on Computer Systems (TOCS)},
	volume={19},
	number={3},
	pages={332--383},
	year={2001},
	publisher={ACM}
}

@techreport{Wu2015TheM,
	title={The Matchmaker’s Dilemma},
	author={Yue Wu and Zhang, Kaifu and Padmanabhan, V},
	year={2015},
	institution={INSEAD}
}

@inproceedings{Singh2004DefendingAE,
	title={Defending against eclipse attacks on overlay networks},
	author={Atul Singh and Miguel Castro and Peter Druschel and Antony I. T. Rowstron},
	booktitle={ACM SIGOPS European Workshop},
	year={2004}
}

@inproceedings{luu2016making,
	title={Making smart contracts smarter},
	author={Luu, Loi and Chu, Duc-Hiep and Olickel, Hrishi and Saxena, Prateek and Hobor, Aquinas},
	booktitle={Proceedings of the 2016 ACM SIGSAC conference on computer and communications security},
	pages={254--269},
	year={2016}
}

@inproceedings{Acharya1998ASO,
	title={A Study of Internet Round-Trip Delay},
	author={Anurag Acharya and Joel H. Saltz},
	year={1998}
}

@online{tlc2017nyc,
	title={Nyc taxi and limousine commission (tlc) trip record data},
	author={TLC, N},
	journal={URL http://www. nyc. gov/html/tlc/html/about/trip\_record\_data. shtml},
	year={2017}
}

@inproceedings{Brito2005DistributedSM,
	title={Distributed Stable Marriage Problem},
	author={Ismel Brito and Pedro Meseguer},
	year={2005}
}

@article{damiani2003managing,
	title={Managing multiple and dependable identities},
	author={Damiani, Ernesto and Di Vimercati, S De Capitani and Samarati, Pierangela},
	journal={IEEE Internet Computing},
	volume={7},
	number={6},
	pages={29--37},
	year={2003},
	publisher={IEEE}
}

@inproceedings{pham2017oride,
	title={Oride: A privacy-preserving yet accountable ride-hailing service},
	author={Pham, Anh and Dacosta, Italo and Endignoux, Guillaume and Pastoriza, Juan Ramon Troncoso and Huguenin, K{\'e}vin and Hubaux, Jean-Pierre},
	booktitle={USENIX Security},
	pages={1235--1252},
	year={2017}
}

@incollection{ludwig2012matchmaking,
	title={Matchmaking in multi-attribute auctions using a genetic algorithm and a particle swarm approach},
	author={Ludwig, Simone A and Schoene, Thomas},
	booktitle={New Trends in Agent-Based Complex Automated Negotiations},
	pages={81--98},
	year={2012},
	publisher={Springer}
}

@online{swap,
	author = {Oved Michael and Mosites Don},
	title = {Swap: A Peer-to-Peer Protocol for Trading Ethereum Tokens},
	year = 2017,
	url = {https://swap.tech/whitepaper/},
}

@online{ec2019,
	author = {European Comission - Press Release},
	title = {Antitrust: Commission opens investigation into possible anti-competitive conduct of Amazon},
	year = 2019,
}	

@inproceedings{chen2015,
	author = {Chen, Le and Mislove, Alan and Wilson, Christo},
	title = {Peeking Beneath the Hood of Uber},
	year = {2015},
	isbn = {9781450338486},
	publisher = {Association for Computing Machinery},
	address = {New York, NY, USA},
	url = {https://doi.org/10.1145/2815675.2815681},
	doi = {10.1145/2815675.2815681},
	booktitle = {Proceedings of the 2015 Internet Measurement Conference},
	pages = {495–508},
	numpages = {14},
	keywords = {surge pricing, sharing economy, uber, algorithm auditing},
	location = {Tokyo, Japan},
	series = {IMC ’15}
}

@inproceedings{hannak2014,
	author = {Hannak, Aniko and Soeller, Gary and Lazer, David and Mislove, Alan and Wilson, Christo},
	title = {Measuring Price Discrimination and Steering on E-Commerce Web Sites},
	year = {2014},
	booktitle = {ICM},
	pages = {305–318},
	year = {2014}
} 

@article{daian2019,
	author = {Daian, Philip and Goldfeder, Steven and Kell, Tyler and Li, Yunqi and Zhao, Xueyuan and Bentov, Iddo and Breidenbach, Lorenz and Juels, Aris},
	title = "{Flash Boys 2.0: Frontrunning, Transaction Reordering, and Consensus Instability in Decentralized Exchanges}",
	journal = {arXiv e-prints},
	year = {2019},
	eprint = {1904.05234},
}

@book{oecd2019,
	title={An Introduction to Online Platforms and Their Role in the Digital Transformation},
	author={OECD},
	publisher={OECD},
	year={2019},
	pages={216},
	isbn={9789264559547},
	doi={https://doi.org/10.1787/53e5f593-en},
	url={https://www.oecd-ilibrary.org/science-and-technology/an-introduction-to-online-platforms-and-their-role-in-the-digital-transformation_53e5f593-en}
}

@article{pepper2019,
	author = {Pepper D. Culpepper and Kathleen Thelen},
	title ={Are We All Amazon Primed? Consumers and the Politics of Platform Power},
	journal = {Comparative Political Studies},	
	volume = {53},
	number = {2},
	pages = {288-318},
	year = {2020},
}

@inproceedings{trastour2002,
	title={Semantic web support for the business-to-business e-commerce lifecycle},
	author={Trastour, David and Bartolini, Claudio and Preist, Chris},
	booktitle={Proceedings of the 11th international conference on World Wide Web},
	pages={89--98},
	year={2002}
}

@article {azevedo2016,
	author = {Azevedo, Eduardo M. and Weyl, E. Glen},
	title = {Matching markets in the digital age},
	volume = {352},
	number = {6289},
	pages = {1056--1057},
	year = {2016},
	publisher = {American Association for the Advancement of Science},
	issn = {0036-8075},
	journal = {Science}
}

@inproceedings{mavroudis2019libra,
	title={Libra: Fair order-matching for electronic financial exchanges},
	author={Mavroudis, Vasilios and Melton, Hayden},
	booktitle={Proceedings of the 1st ACM Conference on Advances in Financial Technologies (AFT)},
	pages={156--168},
	year={2019}
}

@inproceedings{chawathe2003making,
	title={Making gnutella-like p2p systems scalable},
	author={Chawathe, Yatin and Ratnasamy, Sylvia and Breslau, Lee and Lanham, Nick and Shenker, Scott},
	booktitle={Proceedings of the conference on Applications, technologies, architectures, and protocols for computer communications},
	pages={407--418},
	year={2003}
}

@article{zhu2016network,
	title={Network latency estimation for personal devices: A matrix completion approach},
	author={Zhu, Rui and Liu, Bang and Niu, Di and Li, Zongpeng and Zhao, Hong Vicky},
	journal={Transactions on Networking},
	volume={25},
	number={2},
	pages={724--737},
	year={2016},
	publisher={IEEE}
}

@inproceedings{eskandari2019sok,
	title={Sok: Transparent dishonesty: front-running attacks on blockchain},
	author={Eskandari, Shayan and Moosavi, Seyedehmahsa and Clark, Jeremy},
	booktitle={International Conference on Financial Cryptography and Data Security},
	pages={170--189},
	year={2019},
	organization={Springer}
}

@inproceedings{kolluri2019exploiting,
	title={Exploiting the laws of order in smart contracts},
	author={Kolluri, Aashish and Nikolic, Ivica and Sergey, Ilya and Hobor, Aquinas and Saxena, Prateek},
	booktitle={Proceedings of the 28th ACM SIGSOFT International Symposium on Software Testing and Analysis},
	pages={363--373},
	year={2019}
}

@article{judmayer2019,
	title={Pay-To-Win: Incentive Attacks on Proof-of-Work Cryptocurrencies},
	author={Judmayer, Aljosha and Stifter, Nicholas and Zamyatin, Alexei and Tsabary, Itay and Eyal, Ittay and Gazi, Peter and Meiklejohn, Sarah and Weippl, Edgar R}, 
	journal={IACR},
	year={2019},
	volume={2019},
	pages={775}
}

@article{talmon2020,
	author = {Joseph Smith Talmon},
	title = {The Coronavirus Exposes Amazon’s Algorithmic Greed},
	journal={The New Republic},
	year = {2020},
}

@inproceedings{castro1999practical,
	title={Practical Byzantine fault tolerance},
	author={Castro, Miguel and Liskov, Barbara},
	booktitle={OSDI},
	volume={99},
	pages={173--186},
	year={1999}
}

@inproceedings{kooti2017analyzing,
	title={Analyzing Uber's ride-sharing economy},
	author={Kooti, Farshad and Grbovic, Mihajlo and Aiello, Luca Maria and Djuric, Nemanja and Radosavljevic, Vladan and Lerman, Kristina},
	booktitle={Proceedings of the 26th International Conference on World Wide Web Companion},
	pages={574--582},
	year={2017}
}

@article{pesch2019fictions,
	title={Fictions and frictions: Promises, transaction costs and the innovation of network technologies},
	author={Pesch, Udo and Ishmaev, Georgy},
	journal={Social studies of science},
	volume={49},
	number={2},
	pages={264--277},
	year={2019},
	publisher={SAGE Publications Sage UK: London, England}
}

@article{malhotra2014dark,
	title={The dark side of the sharing economy… and how to lighten it},
	author={Malhotra, Arvind and Van Alstyne, Marshall},
	journal={Communications of the ACM},
	volume={57},
	number={11},
	pages={24--27},
	year={2014},
	publisher={ACM New York, NY, USA}
}

@article{calo2017taking,
	title={The taking economy: Uber, information, and power},
	author={Calo, Ryan and Rosenblat, Alex},
	journal={Colum. L. Rev.},
	volume={117},
	pages={1623},
	year={2017},
	publisher={HeinOnline}
}

@article{muhle2018survey,
	title={A survey on essential components of a self-sovereign identity},
	author={M{\"u}hle, Alexander and Gr{\"u}ner, Andreas and Gayvoronskaya, Tatiana and Meinel, Christoph},
	journal={Computer Science Review},
	volume={30},
	pages={80--86},
	year={2018},
	publisher={Elsevier}
}

@article{schreiber2020k,
	title={k-Root-n: An Efficient Algorithm for Avoiding Short Term Double-Spending Alongside Distributed Ledger Technologies such as Blockchain},
	author={Schreiber, Zvi},
	journal={Information},
	volume={11},
	number={2},
	pages={90},
	year={2020},
	publisher={Multidisciplinary Digital Publishing Institute}
}

@inproceedings{galal2018verifiable,
	title={Verifiable sealed-bid auction on the ethereum blockchain},
	author={Galal, Hisham S and Youssef, Amr M},
	booktitle={International Conference on Financial Cryptography and Data Security},
	pages={265--278},
	year={2018},
	organization={Springer}
}

@incollection{galal2018succinctly,
	title={Succinctly verifiable sealed-bid auction smart contract},
	author={Galal, Hisham S and Youssef, Amr M},
	booktitle={Data Privacy Management, Cryptocurrencies and Blockchain Technology},
	pages={3--19},
	year={2018},
	publisher={Springer}
}

@inproceedings{haussheer2005decentralized,
	title={Decentralized auction-based pricing with peermart},
	author={Haussheer, D and Stiller, Burkhard},
	booktitle={2005 9th IFIP/IEEE International Symposium on Integrated Network Management, 2005. IM 2005.},
	pages={381--394},
	year={2005},
	organization={IEEE}
}

@article{stokkink2020truly,
	title={A Truly Self-Sovereign Identity System},
	author={Stokkink, Quinten and Epema, Dick and Pouwelse, Johan},
	journal={arXiv preprint arXiv:2007.00415},
	year={2020}
}

@article{huang2011lobster,
	title={LOBSTER: Limit order book reconstruction system},
	author={Huang, Ruihong and Polak, Tomas},
	journal={Available at SSRN 1977207},
	year={2011}
}

@article{wang2018privacy,
	title={A privacy-preserving and accountable authentication protocol for IoT end-devices with weaker identity},
	author={Wang, Zhiwei},
	journal={Future Generation Computer Systems},
	volume={82},
	pages={342--348},
	year={2018},
	publisher={Elsevier}
}

@inproceedings{Specht2004DistributedDO,
	author    = {Stephen M. Specht and
	Ruby B. Lee},
	title     = {Distributed Denial of Service: Taxonomies of Attacks, Tools, and Countermeasures},
	booktitle = {Proceedings of the {ISCA} 17th International Conference on Parallel
	and Distributed Computing Systems, September 15-17, 2004, The Canterbury
	Hotel, San Francisco, California, {USA}},
	pages     = {543--550},
	year      = {2004},
	biburl    = {https://dblp.org/rec/bib/conf/ISCApdcs/SpechtL04},
	bibsource = {dblp computer science bibliography, https://dblp.org}
}

@misc{schuh2015bitshares,
	title={BitShares 2.0: Financial Smart Contract Platform},
	author={Schuh, Fabian and Larimer, Daniel},
	journal={Accessed: Jan},
	volume={15},
	pages={2017},
	year={2015}
}

@article{sattinger1995search,
	title={Search and the efficient assignment of workers to jobs},
	author={Sattinger, Michael},
	journal={International Economic Review},
	pages={283--302},
	year={1995},
	publisher={JSTOR}
}

@article{serrano1996welfare,
	title={Welfare analysis of a market with pairwise meetings and asymmetric information},
	author={Serrano, Roberto and Yosha, Oved},
	journal={Economic Theory},
	volume={8},
	number={1},
	pages={167--175},
	year={1996},
	publisher={Springer}
}

@article{jackson1998efficiency,
	title={Efficiency and voluntary implementation in markets with repeated pairwise bargaining},
	author={Jackson, Matthew O and Palfrey, Thomas R},
	journal={Econometrica},
	pages={1353--1388},
	year={1998},
	publisher={JSTOR}
}

@inproceedings{hausheer2005peermart,
	title={Peermart: The technology for a distributed auction-based market for peer-to-peer services},
	author={Hausheer, David and Stiller, Burkhard},
	booktitle={ICC'2005},
	volume={3},
	pages={1583--1587},
	year={2005},
	organization={IEEE}
}

@inproceedings{ogston2002peer,
	title={A peer-to-peer agent auction},
	author={Ogston, Elth and Vassiliadis, Stamatis},
	booktitle={ACM AAMAS part 1},
	pages={151--159},
	year={2002},
	organization={ACM}
}

@article{fontoura2005decentralized,
	title={Decentralized peer-to-peer auctions},
	author={Fontoura, Marcus and Ionescu, Mihail and Minsky, Naftaly},
	journal={Electronic Commerce Research},
	volume={5},
	number={1},
	pages={7--24},
	year={2005},
	publisher={Springer}
}

@article{lee2015new,
	title={New Kids on the Blockchain: How Bitcoin's Technology Could Reinvent the Stock Market},
	author={Lee, Larissa},
	journal={Hastings Bus. LJ},
	volume={12},
	pages={81},
	year={2015},
	publisher={HeinOnline}
}

@article{malinova2017market,
	title={Market design with blockchain technology},
	author={Malinova, Katya and Park, Andreas},
	journal={Available at SSRN 2785626},
	year={2017}
}

@article{sikorski2017blockchain,
	title={Blockchain technology in the chemical industry: Machine-to-machine electricity market},
	author={Sikorski, Janusz J and Haughton, Joy and Kraft, Markus},
	journal={Applied Energy},
	volume={195},
	pages={234--246},
	year={2017},
	publisher={Elsevier}
}

@online{wavesplatform,
	author = {Waves Platform},
	title = {Waves},
	year = 2018,
	url = {https://wavesplatform.com},
}

@online{forbes50companies,
	author = {del Castillo, Michael},
	title = {Blockchain 50: Billion Dollar Babies},
	year = 2019,
	url = {https://www.forbes.com/sites/michaeldelcastillo/2019/04/16/blockchain-50-billion-dollar-babies},
}

@misc{hyperledgerquilt,
	author = {Hyperledger},
	title = {Hyperledger Quilt},
	year = 2020,
	url = {https://github.com/hyperledger/quilt},
}

@online{ardorplatform,
	author = {Ardor NXT Group},
	title = {Ardor},
	year = 2018,
	url = {https://www.ardorplatform.org},
}

@online{sqlite,
	author = {SQLite},
	title = {SQLite},
	year = 2018,
	url = {https://sqlite.org/index.html},
}

@online{oasisdex,
	author = {OasisDEX},
	title = {OasisDEX},
	year = 2018,
	url = {https://oasisdex.com},
}

@misc{centralizedexchanges,
	author = {Callahan, Mary Ann},
	title = {Decentralized vs Centralized Bitcoin Exchange, Can they co-exist?},
	date = {2018},
	url = {https://hackernoon.com/decentralized-vs-centralized-bitcoin-exchange-can-they-co-exist-627267c05987},
}

@online{coinmarketcap,
	author = {CoinMarketCap},
	title = {CoinMarketCap},
	year = 2018,
	url = {https://coinmarketcap.com},
}

@online{swarmcity,
	author = {Swarm City},
	title = {Swarm City},
	year = 2018,
	url = {https://swarm.city},
}

@inproceedings{eyal2016bitcoin,
	title={Bitcoin-ng: A scalable blockchain protocol},
	author={Eyal, Ittay and Gencer, Adem Efe and Sirer, Emin G{\"u}n and Van Renesse, Robbert},
	booktitle={13th USENIX Symposium on Networked Systems Design and Implementation (NSDI)},
	pages={45--59},
	year={2016}
}

@article{fastnex,
	title={NEX: A High Performance Decentralized Trade and Payment Platform},
	author={Fast, Ethan and Exchange, Neon and Canesin, F{\'a}bio C and Engel, Luciano and Exchange, Eng Neon and Wahle, Fabian and Z{\"u}rich, CH and Saunders, Thomas}
}

@inproceedings{yarom2004decentralized,
	title={Decentralized Marketplaces and Web Services: Challenges and Opportunities},
	author={Yarom, Itai and Topol, Zvi and Rosenschein, Jeffrey S},
	booktitle={Workshop on Agent Mediated Electronic Commerce VI},
	year={2004}
}

@misc{nakamoto2008bitcoin,
	author = {Nakamoto, Satoshi},
	title = {Bitcoin: A peer-to-peer electronic cash system},
	url = {http://www.bitcoin.org/bitcoin.pdf},
	year = 2008
}

@inproceedings{mengelkamp2017trading,
	title={Trading on local energy markets: A comparison of market designs and bidding strategies},
	author={Mengelkamp, Esther and Staudt, Philipp and Garttner, Johannes and Weinhardt, Christof},
	booktitle={2017 14th International Conference on the European Energy Market (EEM)},
	pages={1--6},
	year={2017},
	organization={IEEE}
}

@article{mengelkamp2018blockchain,
	title={A blockchain-based smart grid: towards sustainable local energy markets},
	author={Mengelkamp, Esther and Notheisen, Benedikt and Beer, Carolin and Dauer, David and Weinhardt, Christof},
	journal={Computer Science-Research and Development},
	volume={33},
	number={1-2},
	pages={207--214},
	year={2018},
	publisher={Springer}
}

@inproceedings{cakir2007investigation,
	title={An Investigation about Process Matchmaking Performances of Unstructured and Decentralized Digital Environments},
	author={Cakir, Bugra and Kilic, Hurevren},
	booktitle={DEST'07.},
	pages={81--87},
	year={2007},
	organization={IEEE}
}

@incollection{bocek2018smart,
	title={Smart Contracts--Blockchains in the Wings},
	author={Bocek, Thomas and Stiller, Burkhard},
	booktitle={Digital Marketplaces Unleashed},
	pages={169--184},
	year={2018},
	publisher={Springer}
}

@inproceedings{atzei2017survey,
	title={A survey of attacks on Ethereum smart contracts (SoK)},
	author={Atzei, Nicola and Bartoletti, Massimo and Cimoli, Tiziana},
	booktitle={International Conference on Principles of Security and Trust},
	pages={164--186},
	year={2017},
	organization={Springer}
}

@article{hoffman2009survey,
	title={A survey of attack and defense techniques for reputation systems},
	author={Hoffman, Kevin and Zage, David and Nita-Rotaru, Cristina},
	journal={ACM Computing Surveys (CSUR)},
	volume={42},
	number={1},
	pages={1},
	year={2009},
	publisher={ACM}
}

@book{mirkovic2004internet,
	author = {Mirkovic, Jelena and Dietrich, Sven and Dittrich, David and Reiher, Peter},
	title = {Internet Denial of Service: Attack and Defense Mechanisms (Radia Perlman Computer Networking and Security)},
	year = {2004},
	isbn = {0131475738},
	publisher = {Prentice Hall PTR},
	address = {Upper Saddle River, NJ, USA},
}

@article{zohar2015bitcoin,
	title={Bitcoin: under the hood},
	author={Zohar, Aviv},
	journal={Communications of the ACM},
	volume={58},
	number={9},
	pages={104--113},
	year={2015},
	publisher={ACM}
}

@misc{popov2016tangle,
	title={The tangle},
	author={Popov, Serguei},
	pages={131},
	year={2016},
	url={http://www.descryptions.com/Iota.pdf}
}

@misc{poa2018whitepaper,
	title={POA Network Whitepaper},
	author={POA Team},
	year={2018},
	url={https://github.com/poanetwork/wiki/wiki/POA-Network-Whitepaper}
}

@misc{ark2019whitepaper,
	title={ARK Ecosystem Whitepaper},
	author={ARK Team},
	year={2019},
	url={https://ark.io/Whitepaper.pdf}
}

@inproceedings{green2017bolt,
	title={Bolt: Anonymous payment channels for decentralized currencies},
	author={Green, Matthew and Miers, Ian},
	booktitle={ACM SIGSAC},
	pages={473--489},
	year={2017},
	organization={ACM}
}

@techreport{pagnia1999impossibility,
	title={On the impossibility of fair exchange without a trusted third party},
	author={Pagnia, Henning and G{\"a}rtner, Felix C},
	year={1999},
	institution={Technical Report TUD-BS-1999-02, Darmstadt University of Technology~…}
}

@article{sompolinsky2018phantom,
	title={PHANTOM: A Scalable BlockDAG Protocol.},
	author={Sompolinsky, Yonatan and Zohar, Aviv},
	journal={IACR Cryptology Archive},
	volume={2018},
	pages={104},
	year={2018}
}

@article{lund2014worldwide,
	title={Worldwide and regional internet of things (iot) 2014--2020 forecast: A virtuous circle of proven value and demand},
	author={Lund, Denise and MacGillivray, Carrie and Turner, Vernon and Morales, Mario},
	journal={International Data Corporation (IDC), Tech. Rep},
	volume={1},
	year={2014}
}

@article{makhdoom2018blockchain,
	title={Blockchain's adoption in IoT: The challenges, and a way forward},
	author={Makhdoom, Imran and Abolhasan, Mehran and Abbas, Haider and Ni, Wei},
	journal={Journal of Network and Computer Applications},
	year={2018},
	publisher={Elsevier}
}

@article{atzori2017understanding,
	title={Understanding the Internet of Things: definition, potentials, and societal role of a fast evolving paradigm},
	author={Atzori, Luigi and Iera, Antonio and Morabito, Giacomo},
	journal={Ad Hoc Networks},
	volume={56},
	pages={122--140},
	year={2017},
	publisher={Elsevier}
}

@misc{TokenizationOP,
	author = {Weingartner, Tim},
	title = {Tokenization of physical assets and the impact of IoT and AI},
	type = {Report},
	institution = {The European Union Blockchain Observatory and Forum},
	date = {2019},
	year = {2019}
}

@inproceedings{herlihy2018atomic,
	title={Atomic cross-chain swaps},
	author={Herlihy, Maurice},
	booktitle={Proceedings of the 2018 ACM Symposium on Principles of Distributed Computing},
	pages={245--254},
	year={2018},
	organization={ACM}
}

@incollection{peters2016understanding,
	title={Understanding modern banking ledgers through blockchain technologies: Future of transaction processing and smart contracts on the internet of money},
	author={Peters, Gareth W and Panayi, Efstathios},
	booktitle={Banking beyond banks and money},
	pages={239--278},
	year={2016},
	publisher={Springer}
}

@article{christidis2016blockchains,
	title={Blockchains and smart contracts for the internet of things},
	author={Christidis, Konstantinos and Devetsikiotis, Michael},
	journal={Ieee Access},
	volume={4},
	pages={2292--2303},
	year={2016},
	publisher={Ieee}
}

@article{reyna2018blockchain,
	title={On blockchain and its integration with IoT. Challenges and opportunities},
	author={Reyna, Ana and Mart{\'\i}n, Cristian and Chen, Jaime and Soler, Enrique and D{\'\i}az, Manuel},
	journal={Future Generation Computer Systems},
	volume={88},
	pages={173--190},
	year={2018},
	publisher={Elsevier}
}

@article{Guerraoui2019AT2,
	author    = {Rachid Guerraoui and
	Petr Kuznetsov and
	Matteo Monti and
	Matej Pavlovic and
	Dragos{-}Adrian Seredinschi},
	title     = {{AT2:} Asynchronous Trustworthy Transfers},
	journal   = {CoRR},
	volume    = {abs/1812.10844},
	year      = {2018},
	url       = {http://arxiv.org/abs/1812.10844},
	archivePrefix = {arXiv},
	eprint    = {1812.10844},
	timestamp = {Wed, 02 Jan 2019 14:40:18 +0100},
	biburl    = {https://dblp.org/rec/bib/journals/corr/abs-1812-10844},
	bibsource = {dblp computer science bibliography, https://dblp.org}
}

@article{serban2008concept,
	title={The concept of decentralized and secure electronic marketplace},
	author={Serban, Constantin and Chen, Yingying and Zhang, Wenxuan and Minsky, Naftaly},
	journal={Electronic Commerce Research},
	volume={8},
	number={1-2},
	pages={79--101},
	year={2008},
	publisher={Springer}
}

@inproceedings{klems2017trustless,
	title={Trustless intermediation in blockchain-based decentralized service marketplaces},
	author={Klems, Markus and Eberhardt, Jacob and Tai, Stefan and H{\"a}rtlein, Steffen and Buchholz, Simon and Tidjani, Ahmed},
	booktitle={International Conference on Service-Oriented Computing},
	pages={731--739},
	year={2017},
	organization={Springer}
}

@article{nem2018nem,
	title={Nem technical reference},
	author={NEM, T},
	journal={URL https://nem. io/wpcontent/themes/nem/files/NEM\_techRef. pdf},
	year={2018}
}

@techreport{cosmoswhitepaper,
	title={Cosmos - A network of Distributed Ledgers},
	author={Kwon, jae and Buchman, Ethan},
	url={https://v1.cosmos.network/resources/whitepaper},
	institution={Tendermint},
	year={2018},
}

@article{hung2017leading,
	title={Leading the iot - Gartner Insights on How to Lead in a Connected World},
	author={Hung, Mark},
	year={2017}
}

@inproceedings{han2019optionality,
	title={On the optionality and fairness of Atomic Swaps},
	author={Han, Runchao and Lin, Haoyu and Yu, Jiangshan},
	booktitle={Proceedings of the 1st ACM Conference on Advances in Financial Technologies},
	pages={62--75},
	year={2019},
	organization={ACM}
}

@article{chohan2018problems,
	title={The Problems of Cryptocurrency Thefts and Exchange Shutdowns},
	author={Chohan, Usman W},
	journal={Available at SSRN 3131702},
	year={2018}
}

@article{bowe2018hashed,
	title={Hashed time-locked contract transactions},
	author={Bowe, Sean and Hopwood, Daira},
	journal={Bitcoin Improvement Proposal, https://github. com/bitcoin/bips/blob/master/bip-0199. mediawiki},
	year={2018}
}

@misc{airswap,
	title={Swap: A Peer-to-Peer for Trading Ethereum Tokens},
	author={Oved, Michael and Mosites, Don},
	year={2017}
}

@techreport{zamyatin2019sok,
	title={Sok: Communication across distributed ledgers},
	author={Zamyatin, Alexei and Al-Bassam, Mustafa and Zindros, Dionysis and Kokoris-Kogias, Eleftherios and Moreno-Sanchez, Pedro and Kiayias, Aggelos and Knottenbelt, William J},
	year={2019},
	institution={IACR Cryptology ePrint Archive, 2019: 1128}
}

@inproceedings{bentov2019tesseract,
	title={Tesseract: Real-time cryptocurrency exchange using trusted hardware},
	author={Bentov, Iddo and Ji, Yan and Zhang, Fan and Breidenbach, Lorenz and Daian, Philip and Juels, Ari},
	booktitle={Proceedings of the 2019 ACM SIGSAC Conference on Computer and Communications Security},
	pages={1521--1538},
	year={2019}
}

@article{yli2016current,
	title={Where is current research on blockchain technology?—a systematic review},
	author={Yli-Huumo, Jesse and Ko, Deokyoon and Choi, Sujin and Park, Sooyong and Smolander, Kari},
	journal={PloS one},
	volume={11},
	number={10},
	pages={e0163477},
	year={2016},
	publisher={Public Library of Science}
}

@article{borkowski2018towards,
	title={Towards atomic cross-chain token transfers: State of the art and open questions within tast},
	author={Borkowski, Michael and McDonald, Daniel and Ritzer, Christoph and Schulte, Stefan},
	journal={Distributed Systems Group TU Wien (Technische Universit at Wien), Report},
	year={2018}
}

@inproceedings{zamyatin2019xclaim,
	title={Xclaim: Trustless, interoperable, cryptocurrency-backed assets},
	author={Zamyatin, Alexei and Harz, Dominik and Lind, Joshua and Panayiotou, Panayiotis and Gervais, Arthur and Knottenbelt, William},
	booktitle={2019 IEEE Symposium on Security and Privacy (SP)},
	pages={193--210},
	year={2019},
	organization={IEEE}
}

@article{back2014enabling,
	title={Enabling blockchain innovations with pegged sidechains},
	author={Back, Adam and Corallo, Matt and Dashjr, Luke and Friedenbach, Mark and Maxwell, Gregory and Miller, Andrew and Poelstra, Andrew and Tim{\'o}n, Jorge and Wuille, Pieter},
	journal={URL: http://www. opensciencereview. com/papers/123/enablingblockchain-innovations-with-pegged-sidechains},
	volume={72},
	year={2014}
}

@article{dilley2016strong,
	title={Strong federations: An interoperable blockchain solution to centralized third-party risks},
	author={Dilley, Johnny and Poelstra, Andrew and Wilkins, Jonathan and Piekarska, Marta and Gorlick, Ben and Friedenbach, Mark},
	journal={arXiv preprint arXiv:1612.05491},
	year={2016}
}

@incollection{zie2019extending,
	title={Extending Atomic Cross-Chain Swaps},
	author={Zie, Jean-Yves and Deneuville, Jean-Christophe and Briffaut, J{\'e}r{\'e}my and Nguyen, Benjamin},
	booktitle={Data Privacy Management, Cryptocurrencies and Blockchain Technology},
	pages={219--229},
	year={2019},
	publisher={Springer}
}

@inproceedings{vo2018internet,
	title={Internet of blockchains: techniques and challenges ahead},
	author={Vo, Hoang Tam and Wang, Ziyuan and Karunamoorthy, Dileban and Wagner, John and Abebe, Ermyas and Mohania, Mukesh},
	booktitle={2018 IEEE International Conference on Internet of Things (iThings) and IEEE Green Computing and Communications (GreenCom) and IEEE Cyber, Physical and Social Computing (CPSCom) and IEEE Smart Data (SmartData)},
	pages={1574--1581},
	year={2018},
	organization={IEEE}
}

@article{koens2019assessing,
	title={Assessing interoperability solutions for distributed ledgers},
	author={Koens, Tommy and Poll, Erik},
	journal={Pervasive and Mobile Computing},
	volume={59},
	pages={101079},
	year={2019},
	publisher={Elsevier}
}

@article{juma2019survey,
	title={A Survey on Using Blockchain in Trade Supply Chain Solutions},
	author={Juma, Hussam and Shaalan, Khaled and Kamel, Ibrahim},
	journal={IEEE Access},
	year={2019},
	publisher={IEEE}
}

@misc{culwick2019blocknet,
	title={The Blocknet Design Specification},
	author={Culwick, Arlyn and Metcalf, Dan},
	year={2019},
	publisher={Accessed: Jul}
}

@article{wood2016polkadot,
	title={Polkadot: Vision for a heterogeneous multi-chain framework},
	author={Wood, Gavin},
	journal={White Paper},
	year={2016}
}

@article{buterin2016chain,
	title={Chain interoperability},
	author={Buterin, Vitalik},
	journal={R3 Research Paper},
	year={2016}
}

@article{brown2016introducing,
	title={Introducing R3 Corda™: A distributed ledger designed for financial services},
	author={Brown, Richard Gendal},
	journal={R3 Blog},
	volume={5},
	year={2016}
}

@article{mogan2018quorum,
	title={Quorum. Advancing Blockchain Technology},
	author={Morgan, J.P.},
	journal={En l{\'\i}nia]. Available: https://www. jpmorgan. com/country/US/EN/Quorum},
	year={2018}
}

@inproceedings{androulaki2018hyperledger,
	title={Hyperledger fabric: a distributed operating system for permissioned blockchains},
	author={Androulaki, Elli and Barger, Artem and Bortnikov, Vita and Cachin, Christian and Christidis, Konstantinos and De Caro, Angelo and Enyeart, David and Ferris, Christopher and Laventman, Gennady and Manevich, Yacov},
	booktitle={Proceedings of the 13th EuroSys Conference},
	pages={1--15},
	year={2018}
}

@article{feldman2006free,
	title={Free-riding and whitewashing in peer-to-peer systems},
	author={Feldman, Michal and Papadimitriou, Christos and Chuang, John and Stoica, Ion},
	journal={IEEE Journal on selected areas in communications},
	volume={24},
	number={5},
	pages={1010--1019},
	year={2006},
	publisher={IEEE}
}

@inproceedings{vukolic2017rethinking,
	title={Rethinking permissioned blockchains},
	author={Vukoli{\'c}, Marko},
	booktitle={Proceedings of the ACM Workshop on Blockchain, Cryptocurrencies and Contracts},
	pages={3--7},
	year={2017}
}

@techreport{hewett2019inclusive,
	title={Inclusive deployment of blockchain for supply chains},
	author={Hewett, Nadia and Lehmacher, Wolfgang and Wang, Yingli},
	year={2019},
	institution={World Economic Forum}
}

@inproceedings{de2018pbft,
	booktitle = {Italian Conference on Cyber Security},
	month = {January},
	title = {PBFT vs proof-of-authority: applying the CAP theorem to permissioned blockchain},
	author = {Stefano De Angelis and Leonardo Aniello and Roberto Baldoni and Federico Lombardi and Andrea Margheri and Vladimiro Sassone},
	year = {2018}
}


@article{mcconaghy2016bigchaindb,
	title={Bigchaindb: a scalable blockchain database},
	author={McConaghy, Trent and Marques, Rodolphe and M{\"u}ller, Andreas and De Jonghe, Dimitri and McConaghy, Troy and McMullen, Greg and Henderson, Ryan and Bellemare, Sylvain and Granzotto, Alberto},
	journal={white paper, BigChainDB},
	year={2016}
}

@article{kwon2014tendermint,
	title={Tendermint: Consensus without mining},
	author={Kwon, Jae},
	journal={Draft v. 0.6, fall},
	volume={1},
	number={11},
	year={2014}
}

@inproceedings{miller2016honey,
	title={The honey badger of BFT protocols},
	author={Miller, Andrew and Xia, Yu and Croman, Kyle and Shi, Elaine and Song, Dawn},
	booktitle={Proceedings of the 2016 ACM SIGSAC Conference on Computer and Communications Security},
	pages={31--42},
	year={2016}
}

@book{ganne2018can,
	title={Can Blockchain revolutionize international trade?},
	author={Ganne, Emmanuelle},
	year={2018},
	publisher={World Trade Organization Geneva}
}

@inproceedings{nikander2019interledger,
	title={Interledger for the industrial internet of things},
	author={Nikander, Pekka and Autiosalo, Juuso and Paavolainen, Santeri},
	booktitle={2019 IEEE 17th International Conference on Industrial Informatics (INDIN)},
	volume={1},
	pages={908--915},
	year={2019},
	organization={IEEE}
}

@inproceedings{schulte2019towards,
	title={Towards Blockchain Interoperability},
	author={Schulte, Stefan and Sigwart, Marten and Frauenthaler, Philipp and Borkowski, Michael},
	booktitle={International Conference on Business Process Management},
	pages={3--10},
	year={2019},
	organization={Springer}
}

@book{gilchrist2016industry,
	title={Industry 4.0: the industrial internet of things},
	author={Gilchrist, Alasdair},
	year={2016},
	publisher={Springer}
}

@article{khalil2019tex,
	title={TEX-A Securely Scalable Trustless Exchange.},
	author={Khalil, Rami and Gervais, Arthur and Felley, Guillaume},
	journal={IACR Cryptol. ePrint Arch.},
	volume={2019},
	pages={265},
	year={2019}
}

@inproceedings{heilman2020arwen,
	title={The arwen trading protocols},
	author={Heilman, Ethan and Lipmann, Sebastien and Goldberg, Sharon},
	booktitle={International Conference on Financial Cryptography and Data Security},
	pages={156--173},
	year={2020},
	organization={Springer}
}

@inproceedings{li2019agentchain,
	title={AgentChain: A Decentralized Cross-Chain Exchange System},
	author={Li, Dawei and Liu, Jianwei and Tang, Zongxun and Wu, Qianhong and Guan, Zhenyu},
	booktitle={2019 18th IEEE International Conference On Trust, Security And Privacy In Computing And Communications/13th IEEE International Conference On Big Data Science And Engineering (TrustCom/BigDataSE)},
	pages={491--498},
	year={2019},
	organization={IEEE}
}

@article{belchior2020survey,
	title={A Survey on Blockchain Interoperability: Past, Present, and Future Trends},
	author={Belchior, Rafael and Vasconcelos, Andr{\'e} and Guerreiro, S{\'e}rgio and Correia, Miguel},
	journal={arXiv preprint arXiv:2005.14282},
	year={2020}
}

@article{siris2019interledger,
	title={Interledger approaches},
	author={Siris, Vasilios A and Nikander, Pekka and Voulgaris, Spyros and Fotiou, Nikos and Lagutin, Dmitrij and Polyzos, George C},
	journal={IEEE Access},
	volume={7},
	pages={89948--89966},
	year={2019},
	publisher={IEEE}
}

@misc{ilpv4,
	title={Interledger Protocol V4},
	author={Interledger Project},
	url={https://interledger.org/rfcs/0027-interledger-protocol-4/},
}

@article{kailar1996accountability,
	title={Accountability in electronic commerce protocols},
	author={Kailar, Rajashekar},
	journal={IEEE Transactions on software engineering},
	volume={22},
	number={5},
	pages={313--328},
	year={1996},
	publisher={IEEE}
}

@inproceedings{eckey2020optiswap,
	title={Optiswap: Fast optimistic fair exchange},
	author={Eckey, Lisa and Faust, Sebastian and Schlosser, Benjamin},
	booktitle={Proceedings of the 15th ACM Asia Conference on Computer and Communications Security},
	pages={543--557},
	year={2020}
}

@inproceedings{vos2020match,
	title={MATCH: A Decentralized Middleware for Fair Matchmaking In Peer-to-Peer Markets},
	author={de Vos, Martijn and Ishmaev, Georgy and Pouwelse, Johan},
	booktitle={Proceedings of the 21th International Middleware Conference},
	year={2020}
}

@article{singh2020sidechain,
	title={Sidechain technologies in blockchain networks: An examination and state-of-the-art review},
	author={Singh, Amritraj and Click, Kelly and Parizi, Reza M and Zhang, Qi and Dehghantanha, Ali and Choo, Kim-Kwang Raymond},
	journal={Journal of Network and Computer Applications},
	volume={149},
	pages={102471},
	year={2020},
	publisher={Elsevier}
}

@article{ray2002fair,
	title={Fair exchange in e-commerce},
	author={Ray, Indrajit and Ray, Indrakshi},
	journal={ACM SIGecom Exchanges},
	volume={3},
	number={2},
	pages={9--17},
	year={2002},
	publisher={ACM New York, NY, USA}
}

@article{delgado2020fair,
	title={A fair protocol for data trading based on Bitcoin transactions},
	author={Delgado-Segura, Sergi and P{\'e}rez-Sol{\`a}, Cristina and Navarro-Arribas, Guillermo and Herrera-Joancomart{\'\i}, Jordi},
	journal={Future Generation Computer Systems},
	volume={107},
	pages={832--840},
	year={2020},
	publisher={Elsevier}
}

@manual{ngdata2014consumer,
	title  = "NGDATA 2014 Consumer Banking Survey",
	author = "NGDATA n",
	url    = "http://www.ngdata.com/wp-content/uploads/NGDATA-2014-consumer-banking-survey-brief.pdf",
	year   = "2014 (accessed November 20, 2017)"
}

@UNPUBLISHED{doe2015vulnerability,
	title={A Vulnerability Analyis of Smartphone Banking Applications},
	author={Doe, John and Pouwelse, Johan},
	note={Unpublished research},
	year={2015},
}

@UNPUBLISHED{awesome2015vulnerability,
	title={A Vulnerability Analysis of Mobile Banking Applications},
	author={Awesome, J.P. and Pouwelse, Johan},
	note={Unpublished research},
	year={2015},
}

@article{yan2008trust,
	title={Trust modeling and management: from social trust to digital trust},
	author={Yan, Zheng and Holtmanns, Silke},
	journal={IGI Global},
	pages={290--323},
	year={2008}
}

@article{kreps1982rational,
	title={Rational cooperation in the finitely repeated prisoners' dilemma},
	author={Kreps, David M and Milgrom, Paul and Roberts, John and Wilson, Robert},
	journal={Journal of Economic theory},
	volume={27},
	number={2},
	pages={245--252},
	year={1982},
	publisher={Elsevier}
}

@article{koops2014trouble,
	title={The trouble with European data protection law},
	author={Koops, Bert-Jaap},
	journal={International Data Privacy Law},
	volume={4},
	number={4},
	pages={250--261},
	year={2014},
	publisher={Oxford University Press}
}

@article{resnick2002trust,
	title={Trust among strangers in internet transactions: Empirical analysis of ebay’s reputation system},
	author={Resnick, Paul and Zeckhauser, Richard},
	journal={The Economics of the Internet and E-commerce},
	volume={11},
	number={2},
	pages={23--25},
	year={2002}
}

@inproceedings{kamvar2003eigentrust,
	title={The eigentrust algorithm for reputation management in p2p networks},
	author={Kamvar, Sepandar D and Schlosser, Mario T and Garcia-Molina, Hector},
	booktitle={Proceedings of the 12th international conference on World Wide Web},
	pages={640--651},
	year={2003},
	organization={ACM}
}

@inproceedings{srivatsa2005trustguard,
	title={TrustGuard: countering vulnerabilities in reputation management for decentralized overlay networks},
	author={Srivatsa, Mudhakar and Xiong, Li and Liu, Ling},
	booktitle={Proceedings of the 14th international conference on World Wide Web},
	pages={422--431},
	year={2005},
	organization={ACM}
}

@manual{swift,
	title  = "SWIFT payment system",
	url    = "https://www.swift.com",
}

@manual{mckinsey2016payments,
	title  = "Global Payments 2016",
	author = "McKinsey",
	year   = "2016 (accessed November 27, 2017)"
}

@misc{uber2017hack,
	title  = "Uber concealed massive hack that exposed data of 57m users and drivers",
	url    = "https://www.theguardian.com/technology/2017/nov/21/uber-data-hack-cyber-attack",
	year={2017},
	author={Wong, Julia Carrie}
}

@book{kokkola2011payment,
	title={The payment system: Payments, securities and derivatives, and the role of the Eurosystem},
	author={Kokkola, Tom},
	year={2011},
	publisher={European Central Bank}
}

@techreport{page1999pagerank,
	title={The PageRank citation ranking: Bringing order to the web},
	author={Page, Lawrence and Brin, Sergey and Motwani, Rajeev and Winograd, Terry},
	year={1999},
	institution={Stanford InfoLab}
}

@article{cortet2016psd2,
	title={PSD2: The digital transformation accelerator for banks},
	author={Cortet, Mounaim and Rijks, Tom and Nijland, Shikko},
	journal={Journal of Payments Strategy \& Systems},
	volume={10},
	number={1},
	pages={13--27},
	year={2016},
	publisher={Henry Stewart Publications}
}

@misc{poon2016bitcoin,
	title={The bitcoin lightning network: Scalable off-chain instant payments},
	author={Poon, Joseph and Dryja, Thaddeus},
	year={2016}
}

@article{schwartz2014ripple,
	title={The Ripple protocol consensus algorithm},
	author={Schwartz, David and Youngs, Noah and Britto, Arthur},
	journal={Ripple Labs Inc White Paper},
	volume={5},
	year={2014}
}

@book{jost2003hawala,
	title={The hawala alternative remittance system and its role in money laundering},
	author={Jost, Patrick M and Sandhu, Harjit Singh},
	year={2003},
	publisher={Interpol}
}

@article{zeilemaker2013dispersy,
	title={Dispersy bundle synchronization},
	author={Zeilemaker, Niels and Schoon, Boudewijn and Pouwelse, Johan},
	journal={TU Delft, Parallel and Distributed Systems},
	year={2013}
}

@article{roos2017settling,
	title={Settling Payments Fast and Private: Efficient Decentralized Routing for Path-Based Transactions},
	author={Roos, Stefanie and Moreno-Sanchez, Pedro and Kate, Aniket and Goldberg, Ian},
	journal={arXiv preprint arXiv:1709.05748},
	year={2017}
}

@inproceedings{khalil2017revive,
	title={Revive: Rebalancing off-blockchain payment networks},
	author={Khalil, Rami and Gervais, Arthur},
	booktitle={Proceedings of the 2017 ACM SIGSAC Conference on Computer and Communications Security},
	pages={439--453},
	year={2017}
}

@article{szabo1997formalizing,
	title={Formalizing and securing relationships on public networks},
	author={Szabo, Nick},
	journal={First Monday},
	volume={2},
	number={9},
	year={1997}
}

@inproceedings{wilson2017trust,
	title={Trust but verify: Auditing the secure Internet of Things},
	author={Wilson, Judson and Wahby, Riad S and Corrigan-Gibbs, Henry and Boneh, Dan and Levis, Philip and Winstein, Keith},
	booktitle={Proceedings of the 15th Annual International Conference on Mobile Systems, Applications, and Services},
	pages={464--474},
	year={2017},
	organization={ACM}
}

@article{churyumov2016byteball,
	title={Byteball: A decentralized system for storage and transfer of value},
	author={Churyumov, Anton},
	journal={URL https://byteball. org/Byteball. pdf},
	year={2016}
}

@article{shortage2016nasdaq,
	title={The Blockchain Developer Shortage: Emerging Trends and Perspectives},
	author={Nasdaq},
	journal={URL https://www.nasdaq.com/article/the-blockchain-developer-shortage-emerging-trends-and-perspectives-cm701294},
	year={2016}
}

@article{lemahieu2017raiblocks,
	title={Nano: A Feeless Distributed Cryptocurrency Network},
	author={LeMahieu, Colin},
	journal={URL https://nano.org/en/whitepaper},
	year={2017}
}

@article{tlsnotary2014whitepaper,
	title={TLSnotary - a mechanism for independently audited https sessions},
	author={Unknown Authors},
	journal={URL https://tlsnotary.org/TLSNotary.pdf},
	year={2014}
}

@misc{brown2017introducing,
	title={Introducing R3 Corda: A distributed ledger designed for finanial services, 2016},
	author={Brown, Richard Gendal},
	year={2017}
}

@article{latoza2016crowdsourcing,
	title={Crowdsourcing in software engineering: Models, motivations, and challenges},
	author={LaToza, Thomas D and van der Hoek, Andre},
	journal={IEEE software},
	volume={33},
	number={1},
	pages={74--80},
	year={2016},
	publisher={IEEE}
}

@inproceedings{jaruchotrattanasakul2016open,
	title={Open source resume (osr): A visualization tool for presenting oss biographies of developers},
	author={Jaruchotrattanasakul, Thunyathon and Yang, Xin and Makihara, Erina and Fujiwara, Kenji and Iida, Hajimu},
	booktitle={2016 7th International Workshop on Empirical Software Engineering in Practice (IWESEP)},
	pages={57--62},
	year={2016},
	organization={IEEE}
}

@inproceedings{saxena2017know,
	title={I Know What You Coded Last Summer: Mining Candidate Expertise from GitHub Repositories},
	author={Saxena, Rohit and Pedanekar, Niranjan},
	booktitle={CSCW},
	pages={299--302},
	year={2017},
	organization={ACM}
}

@techreport{chen2016supporting,
	title={Supporting comparison of developer profiles across online communities},
	author={Chen, Xiaofan and Sarma, Anita},
	institution={Oregon State University},
	year={2016}
}

@article{lakhani2010topcoder,
	title={Topcoder (a): Developing software through crowdsourcing},
	author={Lakhani, Karim R and Garvin, David A and Lonstein, Eric},
	journal={Harvard Business School General Management Unit Case},
	volume={610-032},
	year={2010}
}

@article{cai2016reputation,
	title={Reputation in an open source software community: Antecedents and impacts},
	author={Cai, Yuanfeng and Zhu, Dan},
	journal={Decision Support Systems},
	volume={91},
	pages={103--112},
	year={2016},
	publisher={Elsevier}
}

@techreport{riggsby1995electronic,
	title={Electronic Portfolio: Assessment, Resume, or Marketing Tool?},
	author={Riggsby, Dutchie and Jewell, Virginia and Justice, Arthur},
	institution={Columbus College},
	year={1995},
	publisher={ERIC}
}

@article{riehle2015open,
	title={How Open Source Is Changing the Software Developer's Career.},
	author={Riehle, Dirk},
	journal={IEEE Computer},
	volume={48},
	number={5},
	pages={51--57},
	year={2015}
}

@article{li2018crowdbc,
	title={Crowdbc: A blockchain-based decentralized framework for crowdsourcing},
	author={Li, Ming and Weng, Jian and Yang, Anjia and Lu, Wei and Zhang, Yue and Hou, Lin and Liu, Jia-Nan and Xiang, Yang and Deng, Robert H},
	journal={IEEE Transactions on Parallel and Distributed Systems},
	volume={30},
	number={6},
	pages={1251--1266},
	year={2018},
	publisher={IEEE}
}

@inproceedings{buccafurri2017tweetchain,
	title={Tweetchain: An alternative to blockchain for crowd-based applications},
	author={Buccafurri, Francesco and Lax, Gianluca and Nicolazzo, Serena and Nocera, Antonino},
	booktitle={International Conference on Web Engineering},
	pages={386--393},
	year={2017},
	organization={Springer}
}


@inproceedings{barrett1999electronic,
	title={Electronic teaching portfolios},
	author={Barrett, Helen},
	booktitle={Society for Information Technology \& Teacher Education International Conference},
	pages={1029--1034},
	year={1999},
	organization={Association for the Advancement of Computing in Education (AACE)}
}

@inproceedings{lu2018zebralancer,
	title={Zebralancer: Private and anonymous crowdsourcing system atop open blockchain},
	author={Lu, Yuan and Tang, Qiang and Wang, Guiling},
	booktitle={2018 IEEE 38th International Conference on Distributed Computing Systems (ICDCS)},
	pages={853--865},
	year={2018},
	organization={IEEE}
}

@incollection{atzei2017survey,
	title={A survey of attacks on ethereum smart contracts (sok)},
	author={Atzei, Nicola and Bartoletti, Massimo and Cimoli, Tiziana},
	booktitle={Principles of Security and Trust},
	pages={164--186},
	year={2017},
	publisher={Springer}
}

@article{zhang2015keep,
	title={Keep your promise: Mechanism design against free-riding and false-reporting in crowdsourcing},
	author={Zhang, Xiang and Xue, Guoliang and Yu, Ruozhou and Yang, Dejun and Tang, Jian},
	journal={IEEE Internet of Things Journal},
	volume={2},
	number={6},
	pages={562--572},
	year={2015},
	publisher={IEEE}
}

@article{zetzsche2020decentralized,
	title={Decentralized finance},
	author={Zetzsche, Dirk A and Arner, Douglas W and Buckley, Ross P},
	journal={Journal of Financial Regulation},
	volume={6},
	number={2},
	pages={172--203},
	year={2020},
	publisher={Oxford University Press}
}

@article{hesse2019reputation,
	title={Reputation portability--quo vadis?},
	author={Hesse, Maik and Teubner, Timm},
	journal={Electronic Markets},
	pages={1--19},
	year={2019},
	publisher={Springer}
}

@incollection{dhillon2017dao,
	title={The DAO hacked},
	author={Dhillon, Vikram and Metcalf, David and Hooper, Max},
	booktitle={Blockchain Enabled Applications},
	pages={67--78},
	year={2017},
	publisher={Springer}
}

@article{gong2021reference,
	title={A Reference Architecture for Blockchain-Based Crowdsourcing Platforms},
	author={Gong, Yiwei and van Engelenburg, S{\'e}linde and Janssen, Marijn},
	journal={Journal of Theoretical and Applied Electronic Commerce Research},
	volume={16},
	number={4},
	pages={937--958},
	year={2021},
	publisher={Multidisciplinary Digital Publishing Institute}
}

@article{zou2018proof,
	title={A proof-of-trust consensus protocol for enhancing accountability in crowdsourcing services},
	author={Zou, Jun and Ye, Bin and Qu, Lie and Wang, Yan and Orgun, Mehmet A and Li, Lei},
	journal={IEEE Transactions on Services Computing},
	volume={12},
	number={3},
	pages={429--445},
	year={2018},
	publisher={IEEE}
}

@book{raval2016decentralized,
	title={Decentralized applications: harnessing Bitcoin's blockchain technology},
	author={Raval, Siraj},
	year={2016},
	publisher={" O'Reilly Media, Inc."}
}

@inproceedings{eberhardt2017or,
	title={On or off the blockchain? Insights on off-chaining computation and data},
	author={Eberhardt, Jacob and Tai, Stefan},
	booktitle={European Conference on Service-Oriented and Cloud Computing},
	pages={3--15},
	year={2017},
	organization={Springer}
}

@article{zhou2020solutions,
	title={Solutions to scalability of blockchain: A survey},
	author={Zhou, Qiheng and Huang, Huawei and Zheng, Zibin and Bian, Jing},
	journal={IEEE Access},
	volume={8},
	pages={16440--16455},
	year={2020},
	publisher={IEEE}
}