@article{szabo1997formalizing,
  title={Formalizing and securing relationships on public networks},
  author={Szabo, Nick},
  journal={First Monday},
  volume={2},
  number={9},
  year={1997}
}

@inproceedings{vukolic2015quest,
	title={The quest for scalable blockchain fabric: Proof-of-work vs. BFT replication},
	author={Vukoli{\'c}, Marko},
	booktitle={iNetSec},
	pages={112--125},
	year={2015},
	organization={Springer}
}

@inproceedings{douceur2002sybil,
	title={The sybil attack},
	author={Douceur, John R},
	booktitle={International workshop on peer-to-peer systems},
	pages={251--260},
	year={2002},
	organization={Springer}
}

@inproceedings{wilson2017trust,
	title={Trust but verify: Auditing the secure Internet of Things},
	author={Wilson, Judson and Wahby, Riad S and Corrigan-Gibbs, Henry and Boneh, Dan and Levis, Philip and Winstein, Keith},
	booktitle={Proceedings of the 15th Annual International Conference on Mobile Systems, Applications, and Services},
	pages={464--474},
	year={2017},
	organization={ACM}
}

@article{otte2017trustchain,
	title={TrustChain: A Sybil-resistant scalable blockchain},
	author={Otte, Pim and de Vos, Martijn and Pouwelse, Johan},
	journal={Future Generation Computer Systems},
	year={2017},
	publisher={Elsevier}
}

@inbook{stokkink2018deployment,
	title = "Deployment of a Blockchain-Based Self-Sovereign Identity",
	author = "Quinten Stokkink and Johan Pouwelse",
	year = "2018",
	month = "8",
	doi = "10.1109/Cybermatics_2018.2018.00230",
	isbn = "978-1-5386-7975-3",
	pages = "1336--1342",
	booktitle = "2018 IEEE International Conference on Blockchain",
	publisher = "IEEE",
	address = "United States",
	edition = "1",
}

@misc{popov2018tangle,
	title={The Tangle, IOTA Whitepaper},
	author={Popov, S},
	year={2018},
	publisher={IOTA, Tech. Rep.[Online]. Available: https://iota. org/IOTA\_Whitepaper. pdf}
}

@article{churyumov2016byteball,
	title={Byteball: A decentralized system for storage and transfer of value},
	author={Churyumov, Anton},
	journal={URL https://byteball. org/Byteball. pdf},
	year={2016}
}

@article{shortage2016nasdaq,
	title={The Blockchain Developer Shortage: Emerging Trends and Perspectives},
	author={Nasdaq},
	journal={URL https://www.nasdaq.com/article/the-blockchain-developer-shortage-emerging-trends-and-perspectives-cm701294},
	year={2016}
}

@misc{lerner2015dagcoin,
	title={DagCoin: a cryptocurrency without blocks},
	author={Lerner, Sergio Demian},
	year={2015},
	publisher={Tech. Rep., 2015.[Online]. Available: https://bitslog. files. wordpress. com/2015/09/dagcoin-v41. pdf}
}

@inproceedings{vukolic2015quest,
	title={The quest for scalable blockchain fabric: Proof-of-work vs. BFT replication},
	author={Vukoli{\'c}, Marko},
	booktitle={International Workshop on Open Problems in Network Security},
	pages={112--125},
	year={2015},
	organization={Springer}
}

@article{lemahieu2017raiblocks,
	title={Nano: A Feeless Distributed Cryptocurrency Network},
	author={LeMahieu, Colin},
	journal={URL https://nano.org/en/whitepaper},
	year={2017}
}

@article{tlsnotary2014whitepaper,
	title={TLSnotary - a mechanism for independently audited https sessions},
	journal={URL https://tlsnotary.org/TLSNotary.pdf},
	year={2014}
}

@misc{brown2017introducing,
	title={Introducing R3 Corda: A distributed ledger designed for finanial services, 2016},
	author={Brown, Richard Gendal},
	year={2017}
}

@article{latoza2016crowdsourcing,
	title={Crowdsourcing in software engineering: Models, motivations, and challenges},
	author={LaToza, Thomas D and van der Hoek, Andre},
	journal={IEEE software},
	volume={33},
	number={1},
	pages={74--80},
	year={2016},
	publisher={IEEE}
}

@inproceedings{maymounkov2002kademlia,
	title={Kademlia: A peer-to-peer information system based on the xor metric},
	author={Maymounkov, Petar and Mazieres, David},
	booktitle={International Workshop on Peer-to-Peer Systems},
	pages={53--65},
	year={2002},
	organization={Springer}
}

@article{benet2014ipfs,
	title={IPFS-content addressed, versioned, P2P file system},
	author={Benet, Juan},
	journal={arXiv preprint arXiv:1407.3561},
	year={2014}
}

@inproceedings{jaruchotrattanasakul2016open,
  title={Open Source Resume (OSR): A Visualization Tool for Presenting OSS Biographies of Developers},
  author={Jaruchotrattanasakul, Thunyathon and others},
  booktitle={IWESEP},
  pages={57--62},
  year={2016},
  organization={IEEE}
}

@inproceedings{saxena2017know,
  title={I Know What You Coded Last Summer: Mining Candidate Expertise from GitHub Repositories},
  author={Saxena, Rohit and Pedanekar, Niranjan},
  booktitle={CSCW},
  pages={299--302},
  year={2017},
  organization={ACM}
}

@article{chen2016supporting,
  title={Supporting comparison of developer profiles across online communities},
  author={Chen, Xiaofan and Sarma, Anita},
  year={2016}
}

@article{lakhani2010topcoder,
  title={Topcoder (a): Developing software through crowdsourcing},
  author={Lakhani, Karim and Garvin, David and Lonstein, Eric},
  year={2010}
}

@article{cai2016reputation,
  title={Reputation in an open source software community: Antecedents and impacts},
  author={Cai, Yuanfeng and Zhu, Dan},
  journal={Decision Support Systems},
  volume={91},
  pages={103--112},
  year={2016},
  publisher={Elsevier}
}

@article{riggsby1995electronic,
  title={Electronic Portfolio: Assessment, Resume, or Marketing Tool?.},
  author={Riggsby, Dutchie and others},
  year={1995},
  publisher={ERIC}
}

@article{riehle2015open,
  title={How Open Source Is Changing the Software Developer's Career.},
  author={Riehle, Dirk},
  journal={IEEE Computer},
  volume={48},
  number={5},
  pages={51--57},
  year={2015}
}

@article{li2017crowdbc,
  title={CrowdBC: A Blockchain-based Decentralized Framework for Crowdsourcing},
  author={Li, Ming and others},
  journal={IACR Archive},
  volume={444},
  pages={2017},
  year={2017}
}

@article{latoza2016crowdsourcing,
  title={Crowdsourcing in software engineering: Models, motivations, and challenges},
  author={LaToza, Thomas D and van der Hoek, Andre},
  journal={IEEE software},
  volume={33},
  number={1},
  pages={74--80},
  year={2016},
  publisher={IEEE}
}

@misc{cohen2008bittorrent,
	title={The BitTorrent protocol specification},
	author={Cohen, Bram},
	year={2008},
	publisher={BITTORRENT}
}

@inproceedings{buccafurri2017tweetchain,
	title={Tweetchain: an alternative to blockchain for crowd-based applications},
	author={Buccafurri, Francesco and others},
	booktitle={ICWE},
	pages={386--393},
	year={2017},
	organization={Springer}
}


@article{barrett2000electronic,
	title={Electronic teaching portfolios.},
	author={Barrett, Helen},
	year={1999},
	publisher={ERIC}
}

@article{lu2018zebralancer,
	title={ZebraLancer: Private and Anonymous Crowdsourcing System atop Open Blockchain},
	author={Lu, Yuan and others},
	journal={arXiv preprint arXiv:1803.01256},
	year={2018}
}

@incollection{atzei2017survey,
	title={A survey of attacks on ethereum smart contracts (sok)},
	author={Atzei, Nicola and Bartoletti, Massimo and Cimoli, Tiziana},
	booktitle={Principles of Security and Trust},
	pages={164--186},
	year={2017},
	publisher={Springer}
}

@article{pouwelse2017laws,
	title={Laws for Creating Trust in the Blockchain Age},
	author={Pouwelse, Johan and de Kok, Andr{\'e} and Fleuren, Joost and Hoogendoorn, Peter and Vliegendhart, Raynor and de Vos, Martijn},
	journal={European Property Law Journal},
	volume={6},
	number={3},
	pages={321--356},
	year={2017},
	publisher={De Gruyter}
}

@article{zhang2015keep,
	title={Keep your promise: Mechanism design against free-riding and false-reporting in crowdsourcing},
	author={Zhang, Xiang and Xue, Guoliang and Yu, Ruozhou and Yang, Dejun and Tang, Jian},
	journal={IEEE Internet of Things Journal},
	volume={2},
	number={6},
	pages={562--572},
	year={2015},
	publisher={IEEE}
}

@article{zetzsche2020decentralized,
  title={Decentralized finance},
  author={Zetzsche, Dirk A and Arner, Douglas W and Buckley, Ross P},
  journal={Journal of Financial Regulation},
  volume={6},
  number={2},
  pages={172--203},
  year={2020},
  publisher={Oxford University Press}
}

@article{hesse2019reputation,
  title={Reputation portability--quo vadis?},
  author={Hesse, Maik and Teubner, Timm},
  journal={Electronic Markets},
  pages={1--19},
  year={2019},
  publisher={Springer}
}

@incollection{dhillon2017dao,
  title={The DAO hacked},
  author={Dhillon, Vikram and Metcalf, David and Hooper, Max},
  booktitle={Blockchain Enabled Applications},
  pages={67--78},
  year={2017},
  publisher={Springer}
}

@article{gong2021reference,
  title={A Reference Architecture for Blockchain-Based Crowdsourcing Platforms},
  author={Gong, Yiwei and van Engelenburg, S{\'e}linde and Janssen, Marijn},
  journal={Journal of Theoretical and Applied Electronic Commerce Research},
  volume={16},
  number={4},
  pages={937--958},
  year={2021},
  publisher={Multidisciplinary Digital Publishing Institute}
}

@article{zou2018proof,
  title={A proof-of-trust consensus protocol for enhancing accountability in crowdsourcing services},
  author={Zou, Jun and Ye, Bin and Qu, Lie and Wang, Yan and Orgun, Mehmet A and Li, Lei},
  journal={IEEE Transactions on Services Computing},
  volume={12},
  number={3},
  pages={429--445},
  year={2018},
  publisher={IEEE}
}

@book{raval2016decentralized,
  title={Decentralized applications: harnessing Bitcoin's blockchain technology},
  author={Raval, Siraj},
  year={2016},
  publisher={" O'Reilly Media, Inc."}
}

@inproceedings{eberhardt2017or,
  title={On or off the blockchain? Insights on off-chaining computation and data},
  author={Eberhardt, Jacob and Tai, Stefan},
  booktitle={European Conference on Service-Oriented and Cloud Computing},
  pages={3--15},
  year={2017},
  organization={Springer}
}
