@article{rahman2011design,
  title={Design space analysis for modeling incentives in distributed systems},
  author={Rahman, Rameez and Vink{\'o}, Tam{\'a}s and Hales, David and Pouwelse, Johan and Sips, Henk},
  journal={ACM SIGCOMM Computer Communication Review},
  volume={41},
  number={4},
  pages={182--193},
  year={2011},
  publisher={ACM New York, NY, USA}
}

@inproceedings{ruth2004notebook,
	title={E-notebook middleware for accountability and reputation based trust in distributed data sharing communities},
	author={Ruth, Paul and Xu, Dongyan and Bhargava, Bharat and Regnier, Fred},
	booktitle={International Conference on Trust Management},
	pages={161--175},
	year={2004},
	organization={Springer}
}

@incollection{hwang2002charging,
	title={Charging control and transaction accounting mechanisms using IRTL (information resource transaction layer) middleware for P2P services},
	author={Hwang, Junseok and Aravamudham, Praveen and Liddy, Elizabeth and Stanton, Jeffrey and MacInnes, Ian},
	booktitle={From QoS Provisioning to QoS Charging},
	pages={239--249},
	year={2002},
	publisher={Springer}
}

@book{hausheer2006peermart,
	title={PeerMart: Secure decentralized pricing and accounting for peer-to-peer systems},
	author={Hausheer, David},
	year={2006},
	publisher={ETH Zurich}
}

@inproceedings{seuken2010accounting,
	title={Accounting mechanisms for distributed work systems},
	author={Seuken, Sven and others},
	booktitle={Twenty-Fourth AAAI Conference on Artificial Intelligence},
	year={2010}
}

@inproceedings{meulpolder2009bartercast,
	title={Bartercast: A practical approach to prevent lazy freeriding in p2p networks},
	author={Meulpolder, Michel and others},
	booktitle={IPDPS},
	pages={1--8},
	year={2009},
	organization={IEEE}
}

@article{harris2018institutional,
	title={Institutional solutions to free-riding in peer-to-peer networks: a case study of online pirate communities},
	author={Harris, Colin},
	journal={Journal of Institutional Economics},
	volume={14},
	number={5},
	pages={901--924},
	year={2018},
	publisher={Cambridge University Press}
}

@article{locher2006free,
	title={Free riding in BitTorrent is cheap},
	author={Locher, Thomas and others},
	journal={HotNets},
	year={2006}
}

@article{haeberlen2007peerreview,
	title={PeerReview: Practical accountability for distributed systems},
	author={Haeberlen, Andreas and others},
	journal={SIGOPS},
	volume={41},
	number={6},
	pages={175--188},
	year={2007},
	publisher={ACM New York, NY, USA}
}

@article{adar2000free,
	title={Free riding on Gnutella},
	author={Adar, Eytan and Huberman, Bernardo A},
	year={2000},
	publisher={Valauskas, Edward J.}
}

@inproceedings{ma2004incentive,
	title={An incentive mechanism for P2P networks},
	author={Ma, Richard TB and others},
	booktitle={ICDCS},
	pages={516--523},
	year={2004},
	organization={IEEE}
}

@inproceedings{tang2004trust,
	title={Trust based incentive in P2P network},
	author={Tang, YangBin and Wang, HuaiMin and Dou, Wen},
	booktitle={IEEE international conference on e-commerce technology for dynamic e-business},
	pages={302--305},
	year={2004},
	organization={IEEE}
}

@techreport{benet2018filecoin,
	title={Filecoin: A decentralized storage network},
	author={Benet, J and Greco, N},
	journal={Protoc. Labs},
	pages={1--36},
	year={2018}
}

@techreport{cannellorchid,
	title={Orchid: A Decentralized Network Routing Market},
	author={Cannell, Jake S and Sheek, Justin and Freeman, Jay and Hazel, Greg and Rodriguez-Mueller, Jennifer and Hou, Eric and Fox, Brian J and Waterhouse, Steven},
	institution={Orchid Labs, Tech. Rep., 2019.[Online]. Available: https://www. orchid. com~â€¦}
}

@inproceedings{biryukov2015proof,
	title={Proof-of-work as anonymous micropayment: Rewarding a Tor relay},
	author={Biryukov, Alex and Pustogarov, Ivan},
	booktitle={International Conference on Financial Cryptography and Data Security},
	pages={445--455},
	year={2015},
	organization={Springer}
}

@article{otte2017trustchain,
	title={TrustChain: A Sybil-resistant scalable blockchain},
	author={Otte, Pim and others},
	journal={Future Generation Computer Systems},
	volume={107},
	pages={770--780},
	year={2020},
	publisher={Elsevier}
}

@inproceedings{crosby2009efficient,
	title={Efficient Data Structures For Tamper-Evident Logging.},
	author={Crosby, Scott and others},
	booktitle={USENIX Security},
	pages={317--334},
	year={2009}
}

@inproceedings{karlsson2018vegvisir,
	title={Vegvisir: A partition-tolerant blockchain for the internet-of-things},
	author={Karlsson, Kolbeinn and others},
	booktitle={ICDCS},
	pages={1150--1158},
	year={2018}
}

@inproceedings{dingledine2010building,
	title={Building incentives into Tor},
	author={Dingledine, Roger and others},
	booktitle={FC},
	pages={238--256},
	year={2010},
	organization={Springer}
}

@inproceedings{jansen2010recruiting,
	title={Recruiting new Tor relays with BRAIDS},
	author={Jansen, Rob and others},
	booktitle={CCS},
	pages={319--328},
	year={2010}
}

@techreport{jansen2013lira,
	title={LIRA: Lightweight incentivized routing for anonymity},
	author={Jansen, Rob and others},
	year={2013},
	institution={Naval Research}
}

@techreport{ghosh2014torpath,
	title={A TorPath to TorCoin: Proof-of-bandwidth altcoins for compensating relays},
	author={Ghosh, Mainak and others},
	year={2014},
	institution={Naval Research}
}

@inproceedings{palmieri2015paying,
	title={Paying the guard: an entry-guard-based payment system for tor},
	author={Palmieri, Paolo and Pouwelse, Johan},
	booktitle={FC},
	pages={437--444},
	year={2015},
	organization={Springer}
}

@incollection{seuken2014work,
	title={Work accounting mechanisms: Theory and practice},
	author={Seuken, Sven and others},
	booktitle={Working Paper},
	year={2014},
	publisher={University of Zurich}
}

@misc{cohen2008bittorrent,
	title={The BitTorrent protocol specification},
	author={Cohen, Bram},
	year={2008}
}

@inproceedings{vukolic2015quest,
	title={The quest for scalable blockchain fabric: Proof-of-work vs. BFT replication},
	author={Vukoli{\'c}, Marko},
	booktitle={iNetSec},
	pages={112--125},
	year={2015},
	organization={Springer}
}

@inproceedings{mccorry2019pisa,
	title={Pisa: Arbitration outsourcing for state channels},
	author={McCorry, Patrick and others},
	booktitle={AFT},
	pages={16--30},
	year={2019}
}

@article{rose2003internet,
	title={Internet Security and the Tragedy of the Commons},
	author={Rose, Chris and Gordon, Jean},
	journal={JBER},
	volume={1},
	number={11},
	year={2003}
}

@misc{bittorrenttoken,
	title={BitTorrent Token (BTT): Tokenizing Decentralized File Sharing},
	url={https://www.bittorrent.com/token/btt/},
	author={BitTorrent, Inc.}}

@inproceedings{guerraoui2010lifting,
	title={Lifting: lightweight freerider-tracking in gossip},
	author={Guerraoui, Rachid and others},
	booktitle={Middleware},
	pages={313--333},
	year={2010},
	organization={Springer}
}

@inproceedings{diarra2014fullreview,
	title={Fullreview: Practical accountability in presence of selfish nodes},
	author={Diarra, Amadou and othersn},
	booktitle={SRDS},
	pages={271--280},
	year={2014},
	organization={IEEE}
}

@techreport{popov2018tangle,
	title={The tangle, iota whitepaper},
	author={Popov, Sergei},
	year={2018},
	institution={IOTA, Tech. Rep.[Online]. Available: https://iota. org/IOTA\_Whitepaper. pdf}
}

@article{grunspan2018double,
	title={Double spend races},
	author={Grunspan, Cyril and P{\'e}rez-Marco, Ricardo},
	journal={International Journal of Theoretical and Applied Finance},
	volume={21},
	number={08},
	pages={1850053},
	year={2018},
	publisher={World Scientific}
}

@inproceedings{mokhtar2014acting,
	title={Acting: Accurate freerider tracking in gossip},
	author={Mokhtar, Sonia Ben and Decouchant, J{\'e}r{\'e}mie and Qu{\'e}ma, Vivien},
	booktitle={2014 IEEE 33rd International Symposium on Reliable Distributed Systems},
	pages={291--300},
	year={2014},
	organization={IEEE}
}

@article{hardin2009tragedy,
	title={The tragedy of the commons},
	author={Hardin, Garrett},
	journal={Journal of Natural Resources Policy Research},
	volume={1},
	number={3},
	pages={243--253},
	year={2009},
	publisher={Taylor \& Francis}
}

@inproceedings{chen2015misleading,
	title={Misleading online content: recognizing clickbait as" false news"},
	author={Chen, Yimin and Conroy, Niall J and Rubin, Victoria L},
	booktitle={Proceedings of the 2015 ACM on workshop on multimodal deception detection},
	pages={15--19},
	year={2015}
}

@article{krishnan2002virtual,
	title={The virtual commons: Why free-riding can be tolerated in file sharing networks},
	author={Krishnan, Ramayya and Smith, Michael and Tang, Zhulei and Telang, Rahul},
	journal={ICIS 2002 Proceedings},
	pages={82},
	year={2002}
}

@inproceedings{wallach2003enforcing,
	title={Enforcing fair sharing of peer-to-peer resources},
	author={Wallach, Dan S and Druschel, Peter and others},
	booktitle={International Workshop on Peer-to-Peer Systems},
	pages={149--159},
	year={2003},
	organization={Springer}
}

@inproceedings{osipkov2006robust,
	title={Robust accounting in decentralized P2P storage systems},
	author={Osipkov, Ivan and Wang, Peng and Hopper, Nicholas},
	booktitle={26th IEEE International Conference on Distributed Computing Systems (ICDCS'06)},
	pages={14--14},
	year={2006},
	organization={IEEE}
}

@inproceedings{osipkov2007combating,
	title={Combating double-spending using cooperative P2P systems},
	author={Osipkov, Ivan and Vasserman, Eugene Y and Hopper, Nicholas and Kim, Yongdae},
	booktitle={27th International Conference on Distributed Computing Systems (ICDCS'07)},
	pages={41--41},
	year={2007},
	organization={IEEE}
}

@misc{cerf2013revisiting,
	title={Revisiting the Tragedy of the Commons},
	author={Cerf, Vinton G},
	year={2013},
	publisher={ACM New York, NY, USA}
}

@inproceedings{douceur2002sybil,
	title={The sybil attack},
	author={Douceur, John R},
	booktitle={International workshop on peer-to-peer systems},
	pages={251--260},
	year={2002},
	organization={Springer}
}

@inproceedings{stokkink2018deployment,
	title={Deployment of a blockchain-based self-sovereign identity},
	author={Stokkink, Quinten and Pouwelse, Johan},
	booktitle={2018 IEEE International Conference on Internet of Things (iThings) and IEEE Green Computing and Communications (GreenCom) and IEEE Cyber, Physical and Social Computing (CPSCom) and IEEE Smart Data (SmartData)},
	pages={1336--1342},
	year={2018},
	organization={IEEE}
}

@article{de2020xchange,
	title={XChange: A Blockchain-based Mechanism for Generic Asset Trading In Resource-constrained Environments},
	author={de Vos, Martijn and Ileri, Can Umut and Pouwelse, Johan},
	journal={arXiv preprint arXiv:2004.05046},
	year={2020}
}

@article{frost2019bigtech,
	title={BigTech and the changing structure of financial intermediation},
	author={Frost, Jon and Gambacorta, Leonardo and Huang, Yi and Shin, Hyun Song and Zbinden, Pablo},
	journal={Economic Policy},
	year={2019}
}

@article{schor2016debating,
	title={Debating the sharing economy},
	author={Schor, Juliet and others},
	journal={Journal of Self-Governance and Management Economics},
	volume={4},
	number={3},
	pages={7--22},
	year={2016},
	publisher={Addleton Academic Publishers}
}

@techreport{nakamoto2019bitcoin,
	title={Bitcoin: A peer-to-peer electronic cash system},
	author={Nakamoto, Satoshi},
	year={2019},
	institution={Manubot}
}

@book{bashir2018mastering,
	title={Mastering Blockchain: Distributed ledger technology, decentralization, and smart contracts explained},
	author={Bashir, Imran},
	year={2018},
	publisher={Packt Publishing Ltd}
}

@article{benet2014ipfs,
	title={Ipfs-content addressed, versioned, p2p file system},
	author={Benet, Juan},
	journal={arXiv preprint arXiv:1407.3561},
	year={2014}
}

@techreport{dingledine2004tor,
	title={Tor: The second-generation onion router},
	author={Dingledine, Roger and Mathewson, Nick and Syverson, Paul},
	year={2004},
	institution={Naval Research Lab Washington DC}
}

@article{pouwelse2008tribler,
	title={TRIBLER: a social-based peer-to-peer system},
	author={Pouwelse, Johan A and Garbacki, Pawel and Wang, Jun and Bakker, Arno and Yang, Jie and Iosup, Alexandru and Epema, Dick HJ and Reinders, Marcel and Van Steen, Maarten R and Sips, Henk J},
	journal={Concurrency and computation: Practice and experience},
	volume={20},
	number={2},
	pages={127--138},
	year={2008},
	publisher={Wiley Online Library}
}

@article{bokanyi2019ride,
	title = {Understanding {Inequalities} in {Ride}-{Hailing} {Services} {Through} {Simulations}},
	volume = {10},
	issn = {2045-2322},
	url = {http://www.nature.com/articles/s41598-020-63171-9},
	doi = {10.1038/s41598-020-63171-9},
	language = {en},
	number = {1},
	urldate = {2020-07-31},
	journal = {Scientific Reports},
	author = {BokÃ¡nyi, Eszter and HannÃ¡k, AnikÃ³},
	month = dec,
	year = {2020},
	pages = {6500},
	file = {Full Text:/Users/user/Zotero/storage/2V9L7HAZ/BokÃ¡nyi and HannÃ¡k - 2020 - Understanding Inequalities in Ride-Hailing Service.pdf:application/pdf}
}

@article{kotapati2020antitrust,
	title={The Antitrust Case Against Apple},
	author={Kotapati, Bapu and Mutungi, Simon and Newham, Melissa and Schroeder, Jeff and Shao, Shili and Wang, Melody},
	journal={Available at SSRN},
	year={2020}
}

@inproceedings{sirivianos2007free,
	title={Free-riding in BitTorrent Networks with the Large View Exploit.},
	author={Sirivianos, Michael and Park, Jong Han and Chen, Rex and Yang, Xiaowei},
	booktitle={IPTPS},
	year={2007}
}

@article{anderson2019boinc,
	title={Boinc: A platform for volunteer computing},
	author={Anderson, David P},
	journal={Journal of Grid Computing},
	pages={1--24},
	year={2019},
	publisher={Springer}
}

@article{ruffo2007fairpeers,
	title={Fairpeers: Efficient profit sharing in fair peer-to-peer market places},
	author={Ruffo, Giancarlo and Schifanella, Rossano},
	journal={Journal of Network and Systems Management},
	volume={15},
	number={3},
	pages={355--382},
	year={2007},
	publisher={Springer}
}

@inproceedings{hummel2003earning,
	title={Earning a living among peers-the quest for viable p2p revenue models},
	author={Hummel, Thomas and Stramme, O and La Salle, Ryan M},
	booktitle={36th Annual Hawaii International Conference on System Sciences, 2003. Proceedings of the},
	pages={10--pp},
	year={2003},
	organization={IEEE}
}

@article{antoniadis2004comparing,
	title={Comparing economic incentives in peer-to-peer networks},
	author={Antoniadis, Panayotis and Courcoubetis, Costas and Mason, Robin},
	journal={Computer networks},
	volume={46},
	number={1},
	pages={133--146},
	year={2004},
	publisher={Elsevier}
}

@article{jelasity2004detection,
	title={Detection and removal of malicious peers in gossip-based protocols},
	author={Jelasity, M{\'a}rk and Montresor, Alberto and Babaoglu, Ozalp},
	year={2004},
	publisher={szte}
}

@inproceedings{stokkink2018deployment,
	title={Deployment of a blockchain-based self-sovereign identity},
	author={Stokkink, Quinten and Pouwelse, Johan},
	booktitle={2018 IEEE International Conference on Internet of Things (iThings) and IEEE Green Computing and Communications (GreenCom) and IEEE Cyber, Physical and Social Computing (CPSCom) and IEEE Smart Data (SmartData)},
	pages={1336--1342},
	year={2018},
	organization={IEEE}
}

@article{matloff2008introduction,
	title={Introduction to discrete-event simulation and the simpy language},
	author={Matloff, Norm},
	journal={Davis, CA. Dept of Computer Science. University of California at Davis. Retrieved on August},
	volume={2},
	number={2009},
	pages={1--33},
	year={2008}
}

@article{wood2014ethereum,
	title={Ethereum: A secure decentralised generalised transaction ledger},
	author={Wood, Gavin and others},
	journal={Ethereum project yellow paper},
	volume={151},
	number={2014},
	pages={1--32},
	year={2014}
}

@article{de2018blockchain,
	title={A Blockchain-based Micro-Economy of Bandwidth Tokens},
	author={de Vos, Martijn and Pouwelse, Johan},
	journal={CompSys 2018},
	year={2018}
}

@article{best2014internet,
	title={The internet that Facebook built},
	author={Best, Michael L},
	journal={Communications of the ACM},
	volume={57},
	number={12},
	pages={21--23},
	year={2014},
	publisher={ACM New York, NY, USA}
}

@incollection{frenken2019putting,
	title={Putting the sharing economy into perspective},
	author={Frenken, Koen and Schor, Juliet},
	booktitle={A Research Agenda for Sustainable Consumption Governance},
	year={2019},
	publisher={Edward Elgar Publishing}
}

@article{easley2019mining,
	title={From mining to markets: The evolution of bitcoin transaction fees},
	author={Easley, David and O'Hara, Maureen and Basu, Soumya},
	journal={Journal of Financial Economics},
	volume={134},
	number={1},
	pages={91--109},
	year={2019},
	publisher={Elsevier}
}

@article{karakaya2009free,
	title={Free riding in peer-to-peer networks},
	author={Karakaya, Murat and Korpeoglu, Ibrahim and Ulusoy, {\"O}zg{\"u}r},
	journal={IEEE Internet computing},
	volume={13},
	number={2},
	pages={92--98},
	year={2009},
	publisher={IEEE}
}

@article{jansen2018kist,
	title={KIST: Kernel-Informed Socket Transport for Tor},
	author={Jansen, Rob and Traudt, Matthew and Geddes, John and Wacek, Chris and Sherr, Micah and Syverson, Paul},
	journal={ACM Transactions on Privacy and Security (TOPS)},
	volume={22},
	number={1},
	pages={1--37},
	year={2018},
	publisher={ACM New York, NY, USA}
}

@inproceedings{de2019devid,
	title={Devid: Blockchain-based portfolios for software developers},
	author={de Vos, Martijn and Olsthoorn, Mitchell and Pouwelse, Johan},
	booktitle={2019 IEEE International Conference on Decentralized Applications and Infrastructures (DAPPCON)},
	pages={158--163},
	year={2019},
	organization={IEEE}
}

@inproceedings{bunz2018bulletproofs,
	title={Bulletproofs: Short proofs for confidential transactions and more},
	author={B{\"u}nz, Benedikt and Bootle, Jonathan and Boneh, Dan and Poelstra, Andrew and Wuille, Pieter and Maxwell, Greg},
	booktitle={2018 IEEE Symposium on Security and Privacy (SP)},
	pages={315--334},
	year={2018},
	organization={IEEE}
}

@inproceedings{poelstra2018confidential,
	title={Confidential assets},
	author={Poelstra, Andrew and Back, Adam and Friedenbach, Mark and Maxwell, Gregory and Wuille, Pieter},
	booktitle={International Conference on Financial Cryptography and Data Security},
	pages={43--63},
	year={2018},
	organization={Springer}
}

@inproceedings{li2012sybilcontrol,
	title={SybilControl: Practical Sybil defense with computational puzzles},
	author={Li, Frank and Mittal, Prateek and Caesar, Matthew and Borisov, Nikita},
	booktitle={Proceedings of the seventh ACM workshop on Scalable trusted computing},
	pages={67--78},
	year={2012}
}

@inproceedings{delaviz2012sybilres,
	title={SybilRes: A Sybil-resilient flow-based decentralized reputation mechanism},
	author={Delaviz, Rahim and Andrade, Nazareno and Pouwelse, Johan A and Epema, Dick HJ},
	booktitle={2012 IEEE 32nd International Conference on Distributed Computing Systems},
	pages={203--213},
	year={2012},
	organization={IEEE}
}

@inproceedings{yu2008sybillimit,
	title={Sybillimit: A near-optimal social network defense against sybil attacks},
	author={Yu, Haifeng and Gibbons, Phillip B and Kaminsky, Michael and Xiao, Feng},
	booktitle={2008 IEEE Symposium on Security and Privacy (sp 2008)},
	pages={3--17},
	year={2008},
	organization={IEEE}
}

@inproceedings{de2018real,
	title={Real-time Money Routing by Trusting Strangers with your Funds},
	author={de Vos, Martijn and Pouwelse, Johan},
	booktitle={2018 IFIP Networking Conference (IFIP Networking) and Workshops},
	pages={1--9},
	year={2018},
	organization={IEEE}
}

@inproceedings{cohen2003incentives,
	title={Incentives build robustness in BitTorrent},
	author={Cohen, Bram},
	booktitle={Workshop on Economics of Peer-to-Peer systems},
	volume={6},
	pages={68--72},
	year={2003},
	organization={Berkeley, CA, USA}
}

@article{bellini2020blockchain,
	title={Blockchain-based distributed trust and reputation management systems: A survey},
	author={Bellini, Emanuele and Iraqi, Youssef and Damiani, Ernesto},
	journal={IEEE Access},
	volume={8},
	pages={21127--21151},
	year={2020},
	publisher={IEEE}
}

@article{hendrikx2015reputation,
	title={Reputation systems: A survey and taxonomy},
	author={Hendrikx, Ferry and Bubendorfer, Kris and Chard, Ryan},
	journal={Journal of Parallel and Distributed Computing},
	volume={75},
	pages={184--197},
	year={2015},
	publisher={Elsevier}
}

@inproceedings{hausheer2005peermint,
	title={Peermint: Decentralized and secure accounting for peer-to-peer applications},
	author={Hausheer, David and Stiller, Burkhard},
	booktitle={International Conference on Research in Networking},
	pages={40--52},
	year={2005},
	organization={Springer}
}

@article{seuken2014sybil,
	title={Sybil-proof accounting mechanisms with transitive trust},
	author={Seuken, Sven and Parkes, David C},
	journal={Proceedings of the International Foundation for Autonomous Agents and Multiagent Systems},
	year={2014},
	publisher={ACM}
}