@article{soska2016beaver,
  title={Beaver: A Decentralized Anonymous Marketplace with Secure Reputation.},
  author={Soska, Kyle and Kwon, Albert and Christin, Nicolas and Devadas, Srinivas},
  journal={IACR Cryptol. ePrint Arch.},
  volume={2016},
  pages={464},
  year={2016}
}

@article{subramanian2017decentralized,
	title={Decentralized blockchain-based electronic marketplaces},
	author={Subramanian, Hemang},
	journal={Communications of the ACM},
	volume={61},
	number={1},
	pages={78--84},
	year={2017},
	publisher={ACM New York, NY, USA}
}

@article{bakos1998emerging,
	title={The emerging role of electronic marketplaces on the Internet},
	author={Bakos, Yannis},
	journal={Communications of the ACM},
	volume={41},
	number={8},
	pages={35--42},
	year={1998},
	publisher={ACM New York, NY, USA}
}